2748 3344
931 823 1172 924 Epist.
1220 824 1302 904 L.
1352 825 1456 903 11.
1503 837 1555 904 1.
1604 849 1672 903 v.
1719 834 1825 903 57.

886 988 1023 1024 Dicitur
1048 989 1169 1023 Afrani
1188 993 1270 1035 toga
1288 990 1502 1025 convenisse
1528 989 1731 1034 Menandro,

886 1058 1031 1093 Plautus
1071 1059 1115 1092 ad
1159 1058 1336 1104 exemplar
1367 1059 1476 1094 sicuti
1508 1069 1699 1105 properare
1730 1059 1943 1105 Epicharmi.

455 1176 636 1229 Queritar
671 1177 709 1218 in
748 1176 842 1217 hac>
862 1175 1029 1231 epistola
1068 1175 1248 1216 Horatius
1286 1174 1335 1215 de
1374 1187 1561 1230 perverso
1592 1175 1807 1230 aequalium
1846 1188 2003 1217 suorum
2038 1177 2210 1230 judicio,
2249 1179 2313 1231 qui
2352 1184 2505 1218 veteres

241 1266 383 1316 poetas
412 1272 493 1302 noa
522 1259 634 1300 aliam
661 1258 718 1300 ob
750 1270 921 1308 cansam,
953 1268 1065 1311 quam
1097 1256 1200 1311 quod
1231 1263 1386 1298 veteres
1417 1259 1506 1308 sint,
1538 1257 1817 1298 recentioribus
1848 1258 2091 1314 praeferant,
2121 1265 2162 1300 et
2191 1260 2385 1300 immeritis
2417 1259 2504 1301 iau-

242 1342 355 1384 dib-a
398 1346 560 1392 ornatu
604 1339 704 1381 adeo
735 1341 836 1380 enim
882 1351 954 1379 eos
991 1339 1154 1379 Ennium
1192 1337 1396 1389 admirari,
1435 1344 1477 1379 ut
1514 1338 1675 1379 alterum
1705 1338 1911 1380 Homerum
1940 1351 2031 1380 esse
2061 1339 2211 1392 dicant,
2250 1347 2291 1381 ut
2320 1339 2504 1381 Naevium

241 1423 440 1473 ediscant,
471 1421 676 1464 Pacuvium
707 1419 862 1462 doctum
900 1431 1055 1470 senem,
1088 1420 1246 1459 Accium
1276 1418 1393 1459 altum
1425 1419 1643 1473 appellent,
1682 1419 1880 1461 Afranium
1911 1419 2108 1461 Henandri
2138 1421 2368 1462 simillimum
2398 1434 2502 1473 esse,

242 1504 419 1546 Plautum
447 1502 496 1545 ad
526 1501 726 1557 exemplar
755 1501 876 1543 Sicuti
907 1512 1118 1555 properare
1149 1499 1367 1554 Epicharmi
1399 1499 1648 1543 contendant.

454 1582 672 1636 Ambigitur
692 1582 769 1623 hoc
800 1581 890 1623 loco
923 1593 1193 1636 properare
1225 1580 1314 1634 quid
1345 1581 1549 1633 significet.
1613 1581 1757 1621 Eorum
1779 1582 1998 1636 opiniones,
2030 1582 2163 1636 quide
2185 1581 2335 1622 dicendi
2355 1595 2501 1635 genere

240 1665 403 1719 inteiligi
434 1664 569 1706 volunt
598 1670 664 1705 aut
693 1663 742 1704 de
774 1663 1032 1704 plautinorum
1060 1672 1303 1702 numerorum
1334 1648 1554 1713 celeritate,
1584 1664 1678 1702 satis
1703 1664 1784 1715 jam
1815 1662 1995 1703 refutavit
2024 1662 2191 1715 Lingeus
2221 1664 2259 1703 in
2281 1663 2501 1703 doctissima

240 1745 501 1800 disputatione
532 1744 581 1785 de
612 1743 749 1786 Plauto
782 1749 1016 1797 properante
1048 1742 1094 1782 ad
1126 1742 1325 1795 exemplar
1354 1742 1598 1795 Epicharmi,
1647 1755 1730 1795 quae
1771 1744 1939 1795 praefixa
1979 1749 2040 1783 est
2069 1743 2268 1783 annaiibus
2306 1744 2502 1795 Gymnasii

240 1825 523 1867 Ratiboriensis
552 1819 752 1867 n.-18‘27.
815 1823 1066 1863 Recentiores
1106 1829 1231 1862 autem
1265 1822 1410 1862 Horatii
1443 1825 1672 1876 interpretes
1713 1823 1795 1862 rere
1827 1835 1964 1862 omnes
1998 1824 2035 1862 in
2066 1834 2115 1862 eo
2157 1824 2420 1873 consentiunt,
2463 1830 2500 1864 ut

240 1907 317 1948 hoc
348 1905 713 1958 verbo-significari
744 1904 894 1953 dicant,
935 1905 1118 1943 motorias
1158 1916 1247 1943 esse
1278 1903 1428 1943 tabutas
1461 1903 1602 1953 Plauti,
1645 1905 1786 1956 quippe
1819 1906 1881 1956 qui
1914 1915 2080 1957 semper,
2112 1910 2152 1943 ut
2182 1904 2257 1943 alio
2289 1906 2325 1943 in
2357 1917 2500 1956 genere

241 1987 454 2037 Homerus,
485 1985 535 2026 ad
565 1991 745 2026 eventum
777 1984 946 2033 festinet,
978 1996 1102 2036 neque
1135 1996 1299 2036 unquam
1339 1985 1374 2023 in
1416 1983 1531 2023 rebus
1572 1985 1723 2024 minutis
1754 1984 1991 2024 immorando
2022 1990 2280 2037 spectatorem
2320 1985 2499 2025 retardet.

240 2067 282 2108 in
315 2067 389 2108 hac
419 2066 739 2121 interpretatione
770 2077 818 2105 ne
850 2065 1161 2118 acquiescamus,
1194 2064 1294 2104 haud
1327 2076 1449 2117 pauca
1480 2070 1568 2103 sunt
1599 2076 1698 2117 quae
1729 2064 1923 2104 dehortari
1953 2065 2163 2104 videantur.
2215 2065 2378 2105 Primum
2400 2067 2499 2105 enim

239 2162 301 2189 me
333 2161 411 2189 non
442 2147 576 2189 videre
617 2147 764 2196 fateor,
812 2158 888 2198 quo
929 2147 1014 2197 jure
1055 2145 1210 2194 eadem,
1257 2158 1370 2198 quam
1418 2148 1553 2185 merito
1598 2145 1776 2186 Horatius
1807 2148 1844 2186 in
1875 2146 2041 2199 epistola
2074 2145 2121 2186 ad
2153 2146 2315 2186 Pisones
2345 2160 2381 2186 v.
2419 2144 2501 2187 148

239 2229 410 2272 Homero
441 2228 587 2280 tribuit,
618 2225 733 2269 laude
765 2228 892 2267 ornari
924 2227 1047 2280 possit
1078 2226 1253 2276 Plautus,
1286 2228 1349 2279 qui
1382 2239 1457 2267 non
1490 2227 1598 2266 nimis
1630 2226 1781 2280 quidem
1813 2226 1921 2268 tarde
1952 2228 1988 2267 in
2021 2226 2260 2280 exponendis
2288 2226 2498 2268 fabularum

238 2311 480 2363 argumentis
514 2308 717 2363 progredi,
747 2309 800 2348 ita
831 2314 957 2348 tamen
988 2320 1032 2347 ea
1064 2309 1100 2347 in
1133 2320 1174 2348 re
1206 2310 1352 2347 versari
1383 2307 1553 2357 videtur,
1594 2314 1634 2348 ut
1664 2307 1889 2361 plerumque
1905 2310 2013 2361 Justo
2036 2320 2160 2348 rerum
2191 2307 2323 2347 ordine
2345 2316 2499 2348 servato

237 2390 447 2446 procedat,
485 2389 676 2432 interdum
706 2390 821 2430 etiam
853 2400 899 2428 ea
930 2387 1163 2439 admisceat,
1205 2401 1304 2442 quae
1335 2390 1366 2428 si
1399 2388 1604 2439 abessent,
1652 2401 1727 2429 non
1766 2401 2004 2442 magnopere
2043 2389 2296 2430 desiderares.
2397 2390 2498 2430 Pro-

235 2480 432 2526 perantem
462 2473 580 2526 igitur
609 2472 660 2513 ita
681 2477 723 2513 ut
752 2470 830 2511 hoc
860 2471 897 2510 ei
914 2472 1049 2511 merito
1081 2471 1264 2523 imprimis
1296 2470 1396 2510 laudi
1429 2470 1552 2520 detur,
1584 2484 1696 2511 nemo
1729 2477 1833 2511 certe
1855 2472 1929 2511 nisi
1950 2473 2015 2524 qui
2045 2478 2332 2525 praeconcepta
2364 2474 2497 2525 opini-

236 2568 312 2596 one
342 2553 481 2596 dactus
511 2552 561 2594 ad
591 2554 678 2605 ejus
709 2551 862 2593 fabulas
895 2551 1080 2603 legendas
1110 2555 1339 2601 accesserin
1367 2551 1537 2593 Plautum
1569 2551 1722 2593 videbit.
1791 2551 1953 2593 Accedit
1991 2551 2094 2605 quod
2125 2551 2282 2594 verbum
2315 2566 2497 2607 prope-

233 2647 346 2676 rare
376 2645 565 2688 nusquam
611 2635 663 2674 ita
709 2638 932 2686 usurpatum
978 2633 1187 2683 invenitur,
1234 2639 1273 2672 ut
1311 2634 1367 2672 sic
1412 2632 1510 2672 nude
1557 2635 1722 2685 positum
1763 2632 1946 2672 festinare
1984 2632 2032 2672 ad
2072 2639 2248 2673 eventum
2289 2634 2525 2685 significet.>

234 2715 401 2757 Offendo
441 2719 555 2756 etiam
593 2716 632 2755 in
679 2713 809 2754 verbis
848 2713 902 2752 ad
943 2713 1212 2766 exemplar,
1251 2715 1282 2753 si
1321 2713 1473 2766 quidem
1514 2712 1754 2753 statuendum
1795 2714 1844 2752 sit
1889 2726 2165 2766 properare
2212 2714 2274 2754 hic
2318 2727 2407 2754 esse
2449 2715 2496 2754 ad

233 2803 413 2837 eventum
430 2796 614 2837 festinare
631 2807 739 2836 more
756 2793 950 2847 modoque
974 2793 1193 2847 Epicharmi
1202 2807 1213 2843 3
1246 2801 1338 2846 puto
1360 2795 1459 2834 enIm
1482 2800 1558 2834 tum
1582 2793 1776 2834 Horatium
1799 2794 1984 2834 dicturum
2006 2794 2125 2834 fuisse
2147 2794 2201 2834 ad
2224 2795 2496 2848 exempinm

232 2891 311 2919 non
364 2890 386 2918 a
404 2878 427 2918 d
481 2890 504 2917 e
521 2890 547 2917 x
563 2890 587 2917 e
603 2890 639 2917 m
657 2889 681 2930 p
698 2877 709 2917 Ι
726 2889 748 2916 a
767 2890 785 2916 r
839 2876 870 2916 E
890 2888 913 2928 p
934 2877 984 2915 ic
999 2874 1023 2914 h
1041 2887 1062 2914 a
1080 2888 1098 2915 r
1116 2877 1178 2915 mi
1198 2889 1208 2923 ;
1263 2888 1493 2927 quamquom
1541 2875 1616 2915 hoc
1663 2875 1814 2928 quidem
1862 2875 1982 2915 levius
2029 2882 2110 2925 est,
2167 2878 2323 2927 gravius
2370 2883 2495 2916 autem

229 2959 325 3002 iliad
354 2965 621 3013 argumentum
653 2957 756 3011 quod
788 2970 838 2998 ex
871 2963 1092 3010 comparata
1124 2958 1320 3009 utriusque
1360 2969 1495 2997 versus
1535 2958 1723 2998 sententia
1770 2963 1904 3010 repeto
1912 2970 1924 3007 ;
1971 2970 2086 2998 versu
2133 2959 2232 2998 enim
2280 2955 2335 2998 57
2381 2970 2494 3010 quum
