<?xml version="1.0" encoding="UTF-8"?>
<!DOCTYPE html PUBLIC "-//W3C//DTD XHTML 1.0 Transitional//EN"
    "http://www.w3.org/TR/xhtml1/DTD/xhtml1-transitional.dtd">
<html xmlns="http://www.w3.org/1999/xhtml" xml:lang="en" lang="en">
 <head>
  <title>
</title>
<meta http-equiv="Content-Type" content="text/html;charset=utf-8" />
  <meta name='ocr-system' content='tesseract 3.04.00' />
  <meta name='ocr-capabilities' content='ocr_page ocr_carea ocr_par ocr_line ocrx_word'/>
</head>
<body>
  <div class='ocr_page' id='page_1' title='image "4748863_0016.png"; bbox 0 0 2748 3344; ppageno 0'>
   <div class='ocr_carea' id='block_1_1' title="bbox 256 128 2511 2836">
    <p class='ocr_par' dir='ltr' id='par_1_1' title="bbox 1380 128 1415 176">
     <span class='ocr_line' id='line_1_1' title="bbox 1380 128 1415 176; baseline 0 0"><span class='ocrx_word' id='word_1_1' title='bbox 1380 128 1415 176; x_wconf 87' lang='grc'><strong>9</strong></span> 
     </span>
    </p>

    <p class='ocr_par' dir='ltr' id='par_1_2' title="bbox 273 263 2511 1125">
     <span class='ocr_line' id='line_1_2' title="bbox 281 263 2511 321; baseline -0.002 -11"><span class='ocrx_word' id='word_1_2' title='bbox 281 267 515 321; x_wconf 72' lang='lat' dir='ltr'><strong>antiquarios</strong></span> <span class='ocrx_word' id='word_1_3' title='bbox 536 265 716 315; x_wconf 82' lang='lat' dir='ltr'><strong>exagitat,</strong></span> <span class='ocrx_word' id='word_1_4' title='bbox 734 263 781 303; x_wconf 90' lang='lat' dir='ltr'><strong>ad</strong></span> <span class='ocrx_word' id='word_1_5' title='bbox 804 263 1022 316; x_wconf 78' lang='lat' dir='ltr'><strong>Epicharmi</strong></span> <span class='ocrx_word' id='word_1_6' title='bbox 1042 263 1173 304; x_wconf 88' lang='lat' dir='ltr'><strong>laudes</strong></span> <span class='ocrx_word' id='word_1_7' title='bbox 1193 277 1279 306; x_wconf 91' lang='lat' dir='ltr'><strong>eum</strong></span> <span class='ocrx_word' id='word_1_8' title='bbox 1295 277 1418 319; x_wconf 91' lang='lat' dir='ltr'><strong>prope</strong></span> <span class='ocrx_word' id='word_1_9' title='bbox 1440 266 1670 315; x_wconf 88' lang='lat' dir='ltr'><strong>accessisse,</strong></span> <span class='ocrx_word' id='word_1_10' title='bbox 1700 264 1738 304; x_wconf 94' lang='lat' dir='ltr'><strong>id</strong></span> <span class='ocrx_word' id='word_1_11' title='bbox 1758 270 1818 305; x_wconf 91' lang='lat' dir='ltr'><strong>est</strong></span> <span class='ocrx_word' id='word_1_12' title='bbox 1832 266 1932 306; x_wconf 84' lang='lat' dir='ltr'><strong>enim</strong></span> <span class='ocrx_word' id='word_1_13' title='bbox 1957 277 2166 317; x_wconf 89' lang='lat' dir='ltr'><strong>properare</strong></span> <span class='ocrx_word' id='word_1_14' title='bbox 2176 264 2208 316; x_wconf 88' lang='lat'><strong>ยน)</strong></span> <span class='ocrx_word' id='word_1_15' title='bbox 2225 264 2273 305; x_wconf 82' lang='lat' dir='ltr'><strong>ad</strong></span> <span class='ocrx_word' id='word_1_16' title='bbox 2291 265 2511 319; x_wconf 68' lang='lat' dir='ltr'><strong>Epicharmi</strong></span> 
     </span>
     <span class='ocr_line' id='line_1_3' title="bbox 282 343 2510 399; baseline -0.001 -12"><span class='ocrx_word' id='word_1_17' title='bbox 282 345 494 399; x_wconf 86' lang='lat' dir='ltr'><strong>exemplar,</strong></span> <span class='ocrx_word' id='word_1_18' title='bbox 525 343 768 394; x_wconf 74' lang='lat' dir='ltr'><strong>dictitabant,</strong></span> <span class='ocrx_word' id='word_1_19' title='bbox 799 349 840 383; x_wconf 92' lang='lat' dir='ltr'><strong>ut</strong></span> <span class='ocrx_word' id='word_1_20' title='bbox 869 349 975 384; x_wconf 89' lang='lat' dir='ltr'><strong>recte</strong></span> <span class='ocrx_word' id='word_1_21' title='bbox 1011 345 1133 384; x_wconf 87' lang='lat' dir='ltr'><strong>sensit</strong></span> <span class='ocrx_word' id='word_1_22' title='bbox 1161 344 1390 386; x_wconf 79' lang='lat' dir='ltr'><strong>scholiastes</strong></span> <span class='ocrx_word' id='word_1_23' title='bbox 1421 344 1599 398; x_wconf 87' lang='lat' dir='ltr'><strong>Cruquii,</strong></span> <span class='ocrx_word' id='word_1_24' title='bbox 1638 344 1701 397; x_wconf 89' lang='lat' dir='ltr'><strong>qui</strong></span> <span class='ocrx_word' id='word_1_25' title='bbox 1738 344 1847 384; x_wconf 87' lang='lat' dir='ltr'><strong>verbi</strong></span> <span class='ocrx_word' id='word_1_26' title='bbox 1890 356 2155 398; x_wconf 87' lang='lat' dir='ltr'><strong>properare</strong></span> <span class='ocrx_word' id='word_1_27' title='bbox 2191 345 2510 397; x_wconf 78' lang='lat' dir='ltr'><strong>significationem</strong></span> 
     </span>
     <span class='ocr_line' id='line_1_4' title="bbox 287 413 2509 479; baseline 0 -13"><span class='ocrx_word' id='word_1_28' title='bbox 287 425 543 479; x_wconf 78' lang='lat' dir='ltr'><strong>explicaturus</strong></span> <span class='ocrx_word' id='word_1_29' title='bbox 574 423 691 474; x_wconf 89' lang='lat' dir='ltr'><strong>dicit,</strong></span> <span class='ocrx_word' id='word_1_30' title='bbox 736 436 826 464; x_wconf 87' lang='lat' dir='ltr'><strong>esse</strong></span> <span class='ocrx_word' id='word_1_31' title='bbox 856 413 1163 477; x_wconf 83' lang='lat' dir='ltr'><strong>appropinquare</strong></span> <span class='ocrx_word' id='word_1_32' title='bbox 1206 424 1306 466; x_wconf 90' lang='lat' dir='ltr'><strong>laudi</strong></span> <span class='ocrx_word' id='word_1_33' title='bbox 1335 425 1565 479; x_wconf 81' lang='lat' dir='ltr'><strong>Epicharmi.</strong></span> <span class='ocrx_word' id='word_1_34' title='bbox 1640 423 1710 465; x_wconf 89' lang='lat' dir='ltr'><strong>Cui</strong></span> <span class='ocrx_word' id='word_1_35' title='bbox 1767 426 1915 466; x_wconf 84' lang='lat' dir='ltr'><strong>etiamsi</strong></span> <span class='ocrx_word' id='word_1_36' title='bbox 1948 426 2199 476; x_wconf 77' lang='lat' dir='ltr'><strong>assentimur,</strong></span> <span class='ocrx_word' id='word_1_37' title='bbox 2256 424 2348 465; x_wconf 83' lang='lat' dir='ltr'><strong>nihil</strong></span> <span class='ocrx_word' id='word_1_38' title='bbox 2382 429 2509 466; x_wconf 77' lang='lat' dir='ltr'><strong>tamen</strong></span> 
     </span>
     <span class='ocr_line' id='line_1_5' title="bbox 283 494 2509 559; baseline 0 -13"><span class='ocrx_word' id='word_1_39' title='bbox 283 513 358 555; x_wconf 87' lang='lat' dir='ltr'><strong>est,</strong></span> <span class='ocrx_word' id='word_1_40' title='bbox 392 504 494 558; x_wconf 92' lang='lat' dir='ltr'><strong>quod</strong></span> <span class='ocrx_word' id='word_1_41' title='bbox 526 517 598 544; x_wconf 90' lang='lat' dir='ltr'><strong>nos</strong></span> <span class='ocrx_word' id='word_1_42' title='bbox 629 510 743 555; x_wconf 88' lang='lat' dir='ltr'><strong>cogat</strong></span> <span class='ocrx_word' id='word_1_43' title='bbox 773 510 813 545; x_wconf 87' lang='lat' dir='ltr'><strong>ut</strong></span> <span class='ocrx_word' id='word_1_44' title='bbox 849 510 1072 554; x_wconf 83' lang='lat' dir='ltr'><strong>statuamus,</strong></span> <span class='ocrx_word' id='word_1_45' title='bbox 1102 504 1246 546; x_wconf 85' lang='lat' dir='ltr'><strong>Horatii</strong></span> <span class='ocrx_word' id='word_1_46' title='bbox 1283 505 1464 559; x_wconf 87' lang='lat' dir='ltr'><strong>aequales</strong></span> <span class='ocrx_word' id='word_1_47' title='bbox 1501 505 1673 546; x_wconf 87' lang='lat' dir='ltr'><strong>Plautum</strong></span> <span class='ocrx_word' id='word_1_48' title='bbox 1694 503 1914 558; x_wconf 77' lang='lat' dir='ltr'><strong>Epicharmi</strong></span> <span class='ocrx_word' id='word_1_49' title='bbox 1933 494 2160 546; x_wconf 81' lang='lat' dir='ltr'><strong>imitatorem</strong></span> <span class='ocrx_word' id='word_1_50' title='bbox 2185 504 2368 546; x_wconf 81' lang='lat' dir='ltr'><strong>hahuisse</strong></span> <span class='ocrx_word' id='word_1_51' title='bbox 2378 518 2390 556; x_wconf 83' lang='lat'><em>3</em></span> <span class='ocrx_word' id='word_1_52' title='bbox 2420 517 2509 547; x_wconf 83' lang='lat' dir='ltr'><strong>nam</strong></span> 
     </span>
     <span class='ocr_line' id='line_1_6' title="bbox 287 584 2510 638; baseline 0 -13"><span class='ocrx_word' id='word_1_53' title='bbox 287 585 543 638; x_wconf 84' lang='lat' dir='ltr'><strong>exemplar</strong></span> <span class='ocrx_word' id='word_1_54' title='bbox 582 584 616 624; x_wconf 92' lang='lat' dir='ltr'><strong>id</strong></span> <span class='ocrx_word' id='word_1_55' title='bbox 647 586 760 625; x_wconf 87' lang='lat' dir='ltr'><strong>etiam</strong></span> <span class='ocrx_word' id='word_1_56' title='bbox 792 591 898 624; x_wconf 87' lang='lat' dir='ltr'><strong>recte</strong></span> <span class='ocrx_word' id='word_1_57' title='bbox 928 584 1063 624; x_wconf 88' lang='lat' dir='ltr'><strong>dicitur</strong></span> <span class='ocrx_word' id='word_1_58' title='bbox 1091 584 1194 637; x_wconf 91' lang='lat' dir='ltr'><strong>quod</strong></span> <span class='ocrx_word' id='word_1_59' title='bbox 1225 597 1296 625; x_wconf 91' lang='lat' dir='ltr'><strong>suo</strong></span> <span class='ocrx_word' id='word_1_60' title='bbox 1326 587 1362 627; x_wconf 91' lang='lat' dir='ltr'><strong>in</strong></span> <span class='ocrx_word' id='word_1_61' title='bbox 1392 598 1535 637; x_wconf 87' lang='lat' dir='ltr'><strong>genere</strong></span> <span class='ocrx_word' id='word_1_62' title='bbox 1565 585 1778 638; x_wconf 82' lang='lat' dir='ltr'><strong>perfectum</strong></span> <span class='ocrx_word' id='word_1_63' title='bbox 1808 591 1847 625; x_wconf 88' lang='lat' dir='ltr'><strong>et</strong></span> <span class='ocrx_word' id='word_1_64' title='bbox 1876 585 2051 625; x_wconf 87' lang='lat' dir='ltr'><strong>omnihus</strong></span> <span class='ocrx_word' id='word_1_65' title='bbox 2088 587 2255 626; x_wconf 89' lang='lat' dir='ltr'><strong>numeris</strong></span> <span class='ocrx_word' id='word_1_66' title='bbox 2292 585 2510 626; x_wconf 86' lang='lat' dir='ltr'><strong>absolutum</strong></span> 
     </span>
     <span class='ocr_line' id='line_1_7' title="bbox 279 664 2508 721; baseline 0 -15"><span class='ocrx_word' id='word_1_67' title='bbox 279 672 360 715; x_wconf 82' lang='lat' dir='ltr'><strong>est3</strong></span> <span class='ocrx_word' id='word_1_68' title='bbox 391 671 519 718; x_wconf 85' lang='lat' dir='ltr'><strong>potest</strong></span> <span class='ocrx_word' id='word_1_69' title='bbox 548 666 661 717; x_wconf 87' lang='lat' dir='ltr'><strong>igitur</strong></span> <span class='ocrx_word' id='word_1_70' title='bbox 690 665 766 705; x_wconf 90' lang='lat' dir='ltr'><strong>hoc</strong></span> <span class='ocrx_word' id='word_1_71' title='bbox 795 665 884 706; x_wconf 93' lang='lat' dir='ltr'><strong>loco</strong></span> <span class='ocrx_word' id='word_1_72' title='bbox 915 664 1112 719; x_wconf 85' lang='lat' dir='ltr'><strong>exemplar</strong></span> <span class='ocrx_word' id='word_1_73' title='bbox 1140 664 1356 719; x_wconf 84' lang='lat' dir='ltr'><strong>Epicharmi</strong></span> <span class='ocrx_word' id='word_1_74' title='bbox 1387 666 1477 706; x_wconf 87' lang='lat' dir='ltr'><strong>nihil</strong></span> <span class='ocrx_word' id='word_1_75' title='bbox 1507 665 1609 706; x_wconf 88' lang='lat' dir='ltr'><strong>aliud</strong></span> <span class='ocrx_word' id='word_1_76' title='bbox 1639 677 1731 706; x_wconf 86' lang='lat' dir='ltr'><strong>esse</strong></span> <span class='ocrx_word' id='word_1_77' title='bbox 1761 665 1833 706; x_wconf 90' lang='lat' dir='ltr'><strong>nisi</strong></span> <span class='ocrx_word' id='word_1_78' title='bbox 1861 664 2115 720; x_wconf 84' lang='lat' dir='ltr'><strong>Epicharmus</strong></span> <span class='ocrx_word' id='word_1_79' title='bbox 2135 667 2235 720; x_wconf 88' lang='lat' dir='ltr'><strong>ipse,</strong></span> <span class='ocrx_word' id='word_1_80' title='bbox 2263 665 2508 721; x_wconf 80' lang='lat' dir='ltr'><strong>perfectissi-</strong></span> 
     </span>
     <span class='ocr_line' id='line_1_8' title="bbox 280 746 2507 802; baseline 0 -15"><span class='ocrx_word' id='word_1_81' title='bbox 280 759 364 788; x_wconf 84' lang='lat' dir='ltr'><strong>mus</strong></span> <span class='ocrx_word' id='word_1_82' title='bbox 395 759 465 788; x_wconf 91' lang='lat' dir='ltr'><strong>suo</strong></span> <span class='ocrx_word' id='word_1_83' title='bbox 496 748 533 787; x_wconf 90' lang='lat' dir='ltr'><strong>iu</strong></span> <span class='ocrx_word' id='word_1_84' title='bbox 564 759 706 800; x_wconf 86' lang='lat' dir='ltr'><strong>genere</strong></span> <span class='ocrx_word' id='word_1_85' title='bbox 732 753 860 800; x_wconf 88' lang='lat' dir='ltr'><strong>poeta,</strong></span> <span class='ocrx_word' id='word_1_86' title='bbox 890 747 937 788; x_wconf 92' lang='lat' dir='ltr'><strong>ad</strong></span> <span class='ocrx_word' id='word_1_87' title='bbox 969 749 1076 801; x_wconf 89' lang='lat' dir='ltr'><strong>cujus</strong></span> <span class='ocrx_word' id='word_1_88' title='bbox 1107 746 1238 788; x_wconf 89' lang='lat' dir='ltr'><strong>laudes</strong></span> <span class='ocrx_word' id='word_1_89' title='bbox 1268 754 1306 788; x_wconf 91' lang='lat' dir='ltr'><strong>et</strong></span> <span class='ocrx_word' id='word_1_90' title='bbox 1327 749 1594 802; x_wconf 77' lang='lat' dir='ltr'><strong>praestantiam</strong></span> <span class='ocrx_word' id='word_1_91' title='bbox 1625 746 1812 788; x_wconf 86' lang='lat' dir='ltr'><strong>accedere</strong></span> <span class='ocrx_word' id='word_1_92' title='bbox 1841 747 1875 788; x_wconf 89' lang='lat' dir='ltr'><strong>is</strong></span> <span class='ocrx_word' id='word_1_93' title='bbox 1905 748 2039 788; x_wconf 86' lang='lat' dir='ltr'><strong>merito</strong></span> <span class='ocrx_word' id='word_1_94' title='bbox 2071 747 2224 800; x_wconf 90' lang='lat' dir='ltr'><strong>dicitur,</strong></span> <span class='ocrx_word' id='word_1_95' title='bbox 2256 749 2334 802; x_wconf 90' lang='lat' dir='ltr'><strong>qui,</strong></span> <span class='ocrx_word' id='word_1_96' title='bbox 2365 760 2507 801; x_wconf 87' lang='lat' dir='ltr'><strong>quam-</strong></span> 
     </span>
     <span class='ocr_line' id='line_1_9' title="bbox 284 828 2507 882; baseline 0.001 -16"><span class='ocrx_word' id='word_1_97' title='bbox 284 830 341 867; x_wconf 89' lang='lat' dir='ltr'><strong>vis</strong></span> <span class='ocrx_word' id='word_1_98' title='bbox 373 839 459 867; x_wconf 89' lang='lat' dir='ltr'><strong>eum</strong></span> <span class='ocrx_word' id='word_1_99' title='bbox 491 830 655 867; x_wconf 87' lang='lat' dir='ltr'><strong>imitatus</strong></span> <span class='ocrx_word' id='word_1_100' title='bbox 685 840 762 867; x_wconf 90' lang='lat' dir='ltr'><strong>non</strong></span> <span class='ocrx_word' id='word_1_101' title='bbox 792 830 863 879; x_wconf 90' lang='lat' dir='ltr'><strong>sit,</strong></span> <span class='ocrx_word' id='word_1_102' title='bbox 894 835 1019 868; x_wconf 88' lang='lat' dir='ltr'><strong>tamen</strong></span> <span class='ocrx_word' id='word_1_103' title='bbox 1050 830 1247 881; x_wconf 82' lang='lat' dir='ltr'><strong>proximus</strong></span> <span class='ocrx_word' id='word_1_104' title='bbox 1277 833 1311 868; x_wconf 90' lang='lat' dir='ltr'><strong>ei</strong></span> <span class='ocrx_word' id='word_1_105' title='bbox 1343 836 1421 878; x_wconf 91' lang='lat' dir='ltr'><strong>est,</strong></span> <span class='ocrx_word' id='word_1_106' title='bbox 1453 841 1682 882; x_wconf 89' lang='lat' dir='ltr'><strong>quamquam</strong></span> <span class='ocrx_word' id='word_1_107' title='bbox 1722 828 1839 880; x_wconf 87' lang='lat' dir='ltr'><strong>longo</strong></span> <span class='ocrx_word' id='word_1_108' title='bbox 1877 829 2074 869; x_wconf 83' lang='lat' dir='ltr'><strong>intervallo</strong></span> <span class='ocrx_word' id='word_1_109' title='bbox 2113 831 2321 882; x_wconf 89' lang='lat' dir='ltr'><strong>proximus.</strong></span> <span class='ocrx_word' id='word_1_110' title='bbox 2412 830 2507 869; x_wconf 85' lang='lat' dir='ltr'><strong>Hinc</strong></span> 
     </span>
     <span class='ocr_line' id='line_1_10' title="bbox 279 907 2505 963; baseline 0.001 -15"><span class='ocrx_word' id='word_1_111' title='bbox 279 910 393 948; x_wconf 88' lang='lat' dir='ltr'><strong>etiam</strong></span> <span class='ocrx_word' id='word_1_112' title='bbox 426 907 689 961; x_wconf 86' lang='lat' dir='ltr'><strong>intelligimus,</strong></span> <span class='ocrx_word' id='word_1_113' title='bbox 721 921 957 962; x_wconf 90' lang='lat' dir='ltr'><strong>nequaquam</strong></span> <span class='ocrx_word' id='word_1_114' title='bbox 990 910 1144 950; x_wconf 89' lang='lat' dir='ltr'><strong>nimium</strong></span> <span class='ocrx_word' id='word_1_115' title='bbox 1171 908 1303 950; x_wconf 86' lang='lat' dir='ltr'><strong>Plauto</strong></span> <span class='ocrx_word' id='word_1_116' title='bbox 1335 910 1509 950; x_wconf 82' lang='lat' dir='ltr'><strong>tribuisse</strong></span> <span class='ocrx_word' id='word_1_117' title='bbox 1540 909 1728 963; x_wconf 83' lang='lat' dir='ltr'><strong>putandos</strong></span> <span class='ocrx_word' id='word_1_118' title='bbox 1760 922 1849 949; x_wconf 88' lang='lat' dir='ltr'><strong>esse</strong></span> <span class='ocrx_word' id='word_1_119' title='bbox 1881 909 2063 963; x_wconf 85' lang='lat' dir='ltr'><strong>aequales</strong></span> <span class='ocrx_word' id='word_1_120' title='bbox 2094 909 2259 961; x_wconf 79' lang='lat' dir='ltr'><strong>Horatii,</strong></span> <span class='ocrx_word' id='word_1_121' title='bbox 2291 912 2399 962; x_wconf 89' lang='lat' dir='ltr'><strong>cujus</strong></span> <span class='ocrx_word' id='word_1_122' title='bbox 2431 921 2505 950; x_wconf 89' lang='lat' dir='ltr'><strong>au-</strong></span> 
     </span>
     <span class='ocr_line' id='line_1_11' title="bbox 274 990 2505 1044; baseline 0.001 -15"><span class='ocrx_word' id='word_1_123' title='bbox 274 993 448 1030; x_wconf 89' lang='lat' dir='ltr'><strong>ctoritate</strong></span> <span class='ocrx_word' id='word_1_124' title='bbox 458 992 539 1042; x_wconf 88' lang='lat' dir='ltr'><strong>jam</strong></span> <span class='ocrx_word' id='word_1_125' title='bbox 570 997 770 1043; x_wconf 89' lang='lat' dir='ltr'><strong>propterea</strong></span> <span class='ocrx_word' id='word_1_126' title='bbox 788 992 910 1031; x_wconf 92' lang='lat' dir='ltr'><strong>minus</strong></span> <span class='ocrx_word' id='word_1_127' title='bbox 941 990 988 1030; x_wconf 88' lang='lat' dir='ltr'><strong>ad</strong></span> <span class='ocrx_word' id='word_1_128' title='bbox 1019 990 1247 1031; x_wconf 88' lang='lat' dir='ltr'><strong>credendum</strong></span> <span class='ocrx_word' id='word_1_129' title='bbox 1278 991 1508 1042; x_wconf 87' lang='lat' dir='ltr'><strong>adducimur,</strong></span> <span class='ocrx_word' id='word_1_130' title='bbox 1528 991 1630 1044; x_wconf 92' lang='lat' dir='ltr'><strong>quod</strong></span> <span class='ocrx_word' id='word_1_131' title='bbox 1662 1003 1815 1041; x_wconf 89' lang='lat' dir='ltr'><strong>causae,</strong></span> <span class='ocrx_word' id='word_1_132' title='bbox 1837 1003 1936 1044; x_wconf 90' lang='lat' dir='ltr'><strong>quae</strong></span> <span class='ocrx_word' id='word_1_133' title='bbox 1957 990 2211 1031; x_wconf 88' lang='lat' dir='ltr'><strong>subactissimi</strong></span> <span class='ocrx_word' id='word_1_134' title='bbox 2236 991 2368 1043; x_wconf 88' lang='lat' dir='ltr'><strong>judicii</strong></span> <span class='ocrx_word' id='word_1_135' title='bbox 2384 992 2505 1032; x_wconf 84' lang='lat' dir='ltr'><strong>virum</strong></span> 
     </span>
     <span class='ocr_line' id='line_1_12' title="bbox 273 1071 1687 1125; baseline 0.001 -12"><span class='ocrx_word' id='word_1_136' title='bbox 273 1074 310 1113; x_wconf 91' lang='lat' dir='ltr'><strong>in</strong></span> <span class='ocrx_word' id='word_1_137' title='bbox 342 1072 473 1113; x_wconf 89' lang='lat' dir='ltr'><strong>Plauto</strong></span> <span class='ocrx_word' id='word_1_138' title='bbox 498 1071 703 1125; x_wconf 90' lang='lat' dir='ltr'><strong>judicando</strong></span> <span class='ocrx_word' id='word_1_139' title='bbox 734 1079 990 1113; x_wconf 87' lang='lat' dir='ltr'><strong>transversum</strong></span> <span class='ocrx_word' id='word_1_140' title='bbox 1021 1074 1182 1125; x_wconf 83' lang='lat' dir='ltr'><strong>egerint,</strong></span> <span class='ocrx_word' id='word_1_141' title='bbox 1213 1074 1305 1113; x_wconf 89' lang='lat' dir='ltr'><strong>satis</strong></span> <span class='ocrx_word' id='word_1_142' title='bbox 1335 1073 1556 1114; x_wconf 81' lang='lat' dir='ltr'><strong>manifestae</strong></span> <span class='ocrx_word' id='word_1_143' title='bbox 1586 1079 1687 1115; x_wconf 85' lang='lat' dir='ltr'><strong>sunt.</strong></span> 
     </span>
    </p>

    <p class='ocr_par' dir='ltr' id='par_1_3' title="bbox 256 1153 2509 2836">
     <span class='ocr_line' id='line_1_13' title="bbox 480 1153 2505 1207; baseline 0 -14"><span class='ocrx_word' id='word_1_144' title='bbox 480 1153 590 1202; x_wconf 83' lang='lat' dir='ltr'><strong>Quod</strong></span> <span class='ocrx_word' id='word_1_145' title='bbox 619 1154 718 1207; x_wconf 91' lang='lat' dir='ltr'><strong>apud</strong></span> <span class='ocrx_word' id='word_1_146' title='bbox 745 1166 878 1194; x_wconf 89' lang='lat' dir='ltr'><strong>omnes</strong></span> <span class='ocrx_word' id='word_1_147' title='bbox 909 1154 991 1194; x_wconf 85' lang='lat' dir='ltr'><strong>fere</strong></span> <span class='ocrx_word' id='word_1_148' title='bbox 1019 1153 1184 1207; x_wconf 92' lang='lat' dir='ltr'><strong>populos</strong></span> <span class='ocrx_word' id='word_1_149' title='bbox 1215 1155 1415 1193; x_wconf 88' lang='lat' dir='ltr'><strong>usuvenire</strong></span> <span class='ocrx_word' id='word_1_150' title='bbox 1444 1155 1562 1203; x_wconf 92' lang='lat' dir='ltr'><strong>solet,</strong></span> <span class='ocrx_word' id='word_1_151' title='bbox 1594 1161 1635 1194; x_wconf 87' lang='lat' dir='ltr'><strong>ut</strong></span> <span class='ocrx_word' id='word_1_152' title='bbox 1664 1166 1686 1193; x_wconf 93' lang='lat' dir='ltr'><strong>a</strong></span> <span class='ocrx_word' id='word_1_153' title='bbox 1717 1153 1950 1194; x_wconf 90' lang='lat' dir='ltr'><strong>multitudine</strong></span> <span class='ocrx_word' id='word_1_154' title='bbox 1979 1156 2187 1194; x_wconf 91' lang='lat' dir='ltr'><strong>animorum</strong></span> <span class='ocrx_word' id='word_1_155' title='bbox 2218 1154 2319 1194; x_wconf 90' lang='lat' dir='ltr'><strong>cultu</strong></span> <span class='ocrx_word' id='word_1_156' title='bbox 2347 1161 2505 1207; x_wconf 88' lang='lat' dir='ltr'><strong>totaque</strong></span> 
     </span>
     <span class='ocr_line' id='line_1_14' title="bbox 276 1234 2505 1288; baseline 0.001 -15"><span class='ocrx_word' id='word_1_157' title='bbox 276 1237 375 1274; x_wconf 88' lang='lat' dir='ltr'><strong>vitae</strong></span> <span class='ocrx_word' id='word_1_158' title='bbox 407 1236 554 1275; x_wconf 88' lang='lat' dir='ltr'><strong>ratione</strong></span> <span class='ocrx_word' id='word_1_159' title='bbox 584 1234 737 1275; x_wconf 88' lang='lat' dir='ltr'><strong>multum</strong></span> <span class='ocrx_word' id='word_1_160' title='bbox 768 1236 968 1288; x_wconf 88' lang='lat' dir='ltr'><strong>optimates</strong></span> <span class='ocrx_word' id='word_1_161' title='bbox 997 1234 1159 1285; x_wconf 88' lang='lat' dir='ltr'><strong>distent,</strong></span> <span class='ocrx_word' id='word_1_162' title='bbox 1197 1234 1234 1274; x_wconf 94' lang='lat' dir='ltr'><strong>id</strong></span> <span class='ocrx_word' id='word_1_163' title='bbox 1264 1234 1407 1274; x_wconf 86' lang='lat' dir='ltr'><strong>Romae</strong></span> <span class='ocrx_word' id='word_1_164' title='bbox 1437 1237 1615 1274; x_wconf 88' lang='lat' dir='ltr'><strong>extremis</strong></span> <span class='ocrx_word' id='word_1_165' title='bbox 1646 1234 1878 1288; x_wconf 90' lang='lat' dir='ltr'><strong>reipublicae</strong></span> <span class='ocrx_word' id='word_1_166' title='bbox 1907 1234 2142 1288; x_wconf 85' lang='lat' dir='ltr'><strong>temporibus</strong></span> <span class='ocrx_word' id='word_1_167' title='bbox 2172 1241 2212 1275; x_wconf 88' lang='lat' dir='ltr'><strong>et</strong></span> <span class='ocrx_word' id='word_1_168' title='bbox 2240 1234 2310 1275; x_wconf 86' lang='lat' dir='ltr'><strong>sub</strong></span> <span class='ocrx_word' id='word_1_169' title='bbox 2341 1235 2505 1287; x_wconf 81' lang='lat' dir='ltr'><strong>Augusti</strong></span> 
     </span>
     <span class='ocr_line' id='line_1_15' title="bbox 276 1315 2503 1370; baseline 0 -14"><span class='ocrx_word' id='word_1_170' title='bbox 276 1318 435 1370; x_wconf 86' lang='lat' dir='ltr'><strong>imperio</strong></span> <span class='ocrx_word' id='word_1_171' title='bbox 466 1322 542 1356; x_wconf 91' lang='lat' dir='ltr'><strong>tam</strong></span> <span class='ocrx_word' id='word_1_172' title='bbox 572 1316 647 1356; x_wconf 89' lang='lat' dir='ltr'><strong>late</strong></span> <span class='ocrx_word' id='word_1_173' title='bbox 677 1318 812 1370; x_wconf 87' lang='lat' dir='ltr'><strong>patuit,</strong></span> <span class='ocrx_word' id='word_1_174' title='bbox 849 1323 890 1357; x_wconf 92' lang='lat' dir='ltr'><strong>ut</strong></span> <span class='ocrx_word' id='word_1_175' title='bbox 920 1316 994 1357; x_wconf 91' lang='lat' dir='ltr'><strong>duo</strong></span> <span class='ocrx_word' id='word_1_176' title='bbox 1026 1328 1151 1370; x_wconf 84' lang='lat' dir='ltr'><strong>paene</strong></span> <span class='ocrx_word' id='word_1_177' title='bbox 1183 1315 1324 1356; x_wconf 88' lang='lat' dir='ltr'><strong>diversi</strong></span> <span class='ocrx_word' id='word_1_178' title='bbox 1354 1316 1483 1370; x_wconf 88' lang='lat' dir='ltr'><strong>populi</strong></span> <span class='ocrx_word' id='word_1_179' title='bbox 1513 1316 1648 1357; x_wconf 89' lang='lat' dir='ltr'><strong>iisdem</strong></span> <span class='ocrx_word' id='word_1_180' title='bbox 1679 1315 1867 1356; x_wconf 86' lang='lat' dir='ltr'><strong>moenibus</strong></span> <span class='ocrx_word' id='word_1_181' title='bbox 1898 1317 2081 1357; x_wconf 90' lang='lat' dir='ltr'><strong>contineri</strong></span> <span class='ocrx_word' id='word_1_182' title='bbox 2111 1315 2337 1357; x_wconf 87' lang='lat' dir='ltr'><strong>viderentur.</strong></span> <span class='ocrx_word' id='word_1_183' title='bbox 2405 1315 2503 1357; x_wconf 89' lang='lat' dir='ltr'><strong>Dum</strong></span> 
     </span>
     <span class='ocr_line' id='line_1_16' title="bbox 276 1397 2502 1451; baseline -0 -14"><span class='ocrx_word' id='word_1_184' title='bbox 276 1399 418 1451; x_wconf 88' lang='lat' dir='ltr'><strong>plebeji</strong></span> <span class='ocrx_word' id='word_1_185' title='bbox 448 1399 568 1451; x_wconf 87' lang='lat' dir='ltr'><strong>patria</strong></span> <span class='ocrx_word' id='word_1_186' title='bbox 600 1399 723 1437; x_wconf 89' lang='lat' dir='ltr'><strong>omnia</strong></span> <span class='ocrx_word' id='word_1_187' title='bbox 753 1398 935 1449; x_wconf 81' lang='lat' dir='ltr'><strong>religiose</strong></span> <span class='ocrx_word' id='word_1_188' title='bbox 965 1398 1145 1438; x_wconf 88' lang='lat' dir='ltr'><strong>colebant</strong></span> <span class='ocrx_word' id='word_1_189' title='bbox 1174 1399 1290 1451; x_wconf 88' lang='lat' dir='ltr'><strong>prisci</strong></span> <span class='ocrx_word' id='word_1_190' title='bbox 1315 1400 1430 1438; x_wconf 90' lang='lat' dir='ltr'><strong>moris</strong></span> <span class='ocrx_word' id='word_1_191' title='bbox 1461 1404 1629 1447; x_wconf 89' lang='lat' dir='ltr'><strong>tenaces,</strong></span> <span class='ocrx_word' id='word_1_192' title='bbox 1661 1410 1682 1436; x_wconf 89' lang='lat' dir='ltr'><strong>a</strong></span> <span class='ocrx_word' id='word_1_193' title='bbox 1712 1400 1855 1437; x_wconf 75' lang='lat' dir='ltr'><strong>teneris</strong></span> <span class='ocrx_word' id='word_1_194' title='bbox 1883 1397 1971 1437; x_wconf 90' lang='lat' dir='ltr'><strong>inde</strong></span> <span class='ocrx_word' id='word_1_195' title='bbox 2000 1399 2109 1437; x_wconf 90' lang='lat' dir='ltr'><strong>annis</strong></span> <span class='ocrx_word' id='word_1_196' title='bbox 2130 1399 2331 1451; x_wconf 82' lang='lat' dir='ltr'><strong>optimates</strong></span> <span class='ocrx_word' id='word_1_197' title='bbox 2351 1399 2502 1449; x_wconf 87' lang='lat' dir='ltr'><strong>graecis</strong></span> 
     </span>
     <span class='ocr_line' id='line_1_17' title="bbox 277 1478 2502 1531; baseline 0 -14"><span class='ocrx_word' id='word_1_198' title='bbox 277 1479 411 1518; x_wconf 89' lang='lat' dir='ltr'><strong>litteris</strong></span> <span class='ocrx_word' id='word_1_199' title='bbox 448 1485 487 1519; x_wconf 89' lang='lat' dir='ltr'><strong>et</strong></span> <span class='ocrx_word' id='word_1_200' title='bbox 524 1479 668 1518; x_wconf 88' lang='lat' dir='ltr'><strong>artibus</strong></span> <span class='ocrx_word' id='word_1_201' title='bbox 706 1480 863 1518; x_wconf 87' lang='lat' dir='ltr'><strong>instituti</strong></span> <span class='ocrx_word' id='word_1_202' title='bbox 899 1485 937 1518; x_wconf 89' lang='lat' dir='ltr'><strong>et</strong></span> <span class='ocrx_word' id='word_1_203' title='bbox 974 1479 1147 1518; x_wconf 80' lang='lat' dir='ltr'><strong>familiari</strong></span> <span class='ocrx_word' id='word_1_204' title='bbox 1185 1491 1408 1530; x_wconf 87' lang='lat' dir='ltr'><strong>graecorum</strong></span> <span class='ocrx_word' id='word_1_205' title='bbox 1446 1479 1638 1518; x_wconf 87' lang='lat' dir='ltr'><strong>hominum</strong></span> <span class='ocrx_word' id='word_1_206' title='bbox 1679 1478 1953 1518; x_wconf 89' lang='lat' dir='ltr'><strong>sonsuetudine</strong></span> <span class='ocrx_word' id='word_1_207' title='bbox 1990 1480 2048 1518; x_wconf 88' lang='lat' dir='ltr'><strong>usi</strong></span> <span class='ocrx_word' id='word_1_208' title='bbox 2079 1480 2226 1517; x_wconf 88' lang='lat' dir='ltr'><strong>animos</strong></span> <span class='ocrx_word' id='word_1_209' title='bbox 2266 1478 2417 1531; x_wconf 88' lang='lat' dir='ltr'><strong>quidem</strong></span> <span class='ocrx_word' id='word_1_210' title='bbox 2454 1478 2502 1517; x_wconf 88' lang='lat' dir='ltr'><strong>ad</strong></span> 
     </span>
     <span class='ocr_line' id='line_1_18' title="bbox 278 1559 2501 1612; baseline 0 -14"><span class='ocrx_word' id='word_1_211' title='bbox 278 1561 543 1599; x_wconf 85' lang='lat' dir='ltr'><strong>humanitatem</strong></span> <span class='ocrx_word' id='word_1_212' title='bbox 576 1560 882 1609; x_wconf 84' lang='lat' dir='ltr'><strong>conformabant,</strong></span> <span class='ocrx_word' id='word_1_213' title='bbox 913 1561 1055 1598; x_wconf 92' lang='lat' dir='ltr'><strong>sensim</strong></span> <span class='ocrx_word' id='word_1_214' title='bbox 1085 1566 1210 1599; x_wconf 87' lang='lat' dir='ltr'><strong>tamen</strong></span> <span class='ocrx_word' id='word_1_215' title='bbox 1240 1562 1457 1612; x_wconf 87' lang='lat' dir='ltr'><strong>sensimque</strong></span> <span class='ocrx_word' id='word_1_216' title='bbox 1487 1561 1557 1599; x_wconf 88' lang='lat' dir='ltr'><strong>sibi</strong></span> <span class='ocrx_word' id='word_1_217' title='bbox 1587 1559 1738 1612; x_wconf 87' lang='lat' dir='ltr'><strong>pulchri</strong></span> <span class='ocrx_word' id='word_1_218' title='bbox 1762 1561 1928 1612; x_wconf 89' lang='lat' dir='ltr'><strong>speciem</strong></span> <span class='ocrx_word' id='word_1_219' title='bbox 1960 1559 2143 1611; x_wconf 87' lang='lat' dir='ltr'><strong>quandam</strong></span> <span class='ocrx_word' id='word_1_220' title='bbox 2175 1559 2423 1611; x_wconf 80' lang='lat' dir='ltr'><strong>effingebant,</strong></span> <span class='ocrx_word' id='word_1_221' title='bbox 2453 1559 2501 1599; x_wconf 91' lang='lat' dir='ltr'><strong>ad</strong></span> 
     </span>
     <span class='ocr_line' id='line_1_19' title="bbox 277 1641 2500 1694; baseline -0 -14"><span class='ocrx_word' id='word_1_222' title='bbox 277 1653 389 1692; x_wconf 90' lang='lat' dir='ltr'><strong>quam</strong></span> <span class='ocrx_word' id='word_1_223' title='bbox 420 1654 532 1694; x_wconf 85' lang='lat' dir='ltr'><strong>quum</strong></span> <span class='ocrx_word' id='word_1_224' title='bbox 564 1644 688 1680; x_wconf 91' lang='lat' dir='ltr'><strong>omnia</strong></span> <span class='ocrx_word' id='word_1_225' title='bbox 729 1647 975 1691; x_wconf 85' lang='lat' dir='ltr'><strong>revocarent,</strong></span> <span class='ocrx_word' id='word_1_226' title='bbox 1015 1641 1096 1681; x_wconf 85' lang='lat' dir='ltr'><strong>fieri</strong></span> <span class='ocrx_word' id='word_1_227' title='bbox 1126 1653 1203 1681; x_wconf 90' lang='lat' dir='ltr'><strong>non</strong></span> <span class='ocrx_word' id='word_1_228' title='bbox 1233 1647 1403 1694; x_wconf 87' lang='lat' dir='ltr'><strong>poterat,</strong></span> <span class='ocrx_word' id='word_1_229' title='bbox 1443 1642 1528 1694; x_wconf 89' lang='lat' dir='ltr'><strong>quin</strong></span> <span class='ocrx_word' id='word_1_230' title='bbox 1560 1653 1651 1693; x_wconf 85' lang='lat' dir='ltr'><strong>prae</strong></span> <span class='ocrx_word' id='word_1_231' title='bbox 1682 1641 1896 1693; x_wconf 85' lang='lat' dir='ltr'><strong>peregrinis</strong></span> <span class='ocrx_word' id='word_1_232' title='bbox 1925 1641 2046 1694; x_wconf 90' lang='lat' dir='ltr'><strong>patria</strong></span> <span class='ocrx_word' id='word_1_233' title='bbox 2077 1647 2384 1691; x_wconf 87' lang='lat' dir='ltr'><strong>contemnerent,</strong></span> <span class='ocrx_word' id='word_1_234' title='bbox 2414 1651 2500 1680; x_wconf 89' lang='lat' dir='ltr'><strong>nam</strong></span> 
     </span>
     <span class='ocr_line' id='line_1_20' title="bbox 273 1721 2499 1776; baseline -0 -14"><span class='ocrx_word' id='word_1_235' title='bbox 273 1724 399 1773; x_wconf 84' lang='lat' dir='ltr'><strong>justus</strong></span> <span class='ocrx_word' id='word_1_236' title='bbox 423 1723 476 1762; x_wconf 75' lang='lat' dir='ltr'><strong>iis</strong></span> <span class='ocrx_word' id='word_1_237' title='bbox 507 1723 588 1762; x_wconf 74' lang='lat' dir='ltr'><strong>fere</strong></span> <span class='ocrx_word' id='word_1_238' title='bbox 610 1722 742 1762; x_wconf 88' lang='lat' dir='ltr'><strong>modus</strong></span> <span class='ocrx_word' id='word_1_239' title='bbox 768 1724 846 1775; x_wconf 86' lang='lat' dir='ltr'><strong>jam</strong></span> <span class='ocrx_word' id='word_1_240' title='bbox 878 1722 1020 1773; x_wconf 89' lang='lat' dir='ltr'><strong>deerat,</strong></span> <span class='ocrx_word' id='word_1_241' title='bbox 1051 1734 1127 1775; x_wconf 92' lang='lat' dir='ltr'><strong>quo</strong></span> <span class='ocrx_word' id='word_1_242' title='bbox 1158 1735 1204 1761; x_wconf 92' lang='lat' dir='ltr'><strong>ea</strong></span> <span class='ocrx_word' id='word_1_243' title='bbox 1235 1735 1331 1775; x_wconf 89' lang='lat' dir='ltr'><strong>quae</strong></span> <span class='ocrx_word' id='word_1_244' title='bbox 1361 1735 1408 1762; x_wconf 86' lang='lat' dir='ltr'><strong>ex</strong></span> <span class='ocrx_word' id='word_1_245' title='bbox 1439 1722 1569 1776; x_wconf 89' lang='lat' dir='ltr'><strong>populi</strong></span> <span class='ocrx_word' id='word_1_246' title='bbox 1600 1724 1756 1773; x_wconf 82' lang='lat' dir='ltr'><strong>ingenio</strong></span> <span class='ocrx_word' id='word_1_247' title='bbox 1787 1721 1961 1775; x_wconf 79' lang='lat' dir='ltr'><strong>profecta</strong></span> <span class='ocrx_word' id='word_1_248' title='bbox 1982 1728 2101 1771; x_wconf 89' lang='lat' dir='ltr'><strong>erant,</strong></span> <span class='ocrx_word' id='word_1_249' title='bbox 2135 1724 2363 1763; x_wconf 76' lang='lat' dir='ltr'><strong>metirentur.</strong></span> <span class='ocrx_word' id='word_1_250' title='bbox 2413 1721 2499 1762; x_wconf 89' lang='lat' dir='ltr'><strong>Non</strong></span> 
     </span>
     <span class='ocr_line' id='line_1_21' title="bbox 274 1802 2499 1856; baseline 0 -15"><span class='ocrx_word' id='word_1_251' title='bbox 274 1810 334 1842; x_wconf 90' lang='lat' dir='ltr'><strong>est</strong></span> <span class='ocrx_word' id='word_1_252' title='bbox 363 1804 477 1854; x_wconf 88' lang='lat' dir='ltr'><strong>igitur</strong></span> <span class='ocrx_word' id='word_1_253' title='bbox 506 1803 608 1856; x_wconf 90' lang='lat' dir='ltr'><strong>quod</strong></span> <span class='ocrx_word' id='word_1_254' title='bbox 639 1805 826 1853; x_wconf 87' lang='lat' dir='ltr'><strong>miremur,</strong></span> <span class='ocrx_word' id='word_1_255' title='bbox 857 1809 895 1843; x_wconf 87' lang='lat' dir='ltr'><strong>et</strong></span> <span class='ocrx_word' id='word_1_256' title='bbox 924 1803 1131 1854; x_wconf 88' lang='lat' dir='ltr'><strong>Horatium,</strong></span> <span class='ocrx_word' id='word_1_257' title='bbox 1162 1815 1385 1856; x_wconf 88' lang='lat' dir='ltr'><strong>quamquam</strong></span> <span class='ocrx_word' id='word_1_258' title='bbox 1413 1803 1588 1842; x_wconf 83' lang='lat' dir='ltr'><strong>libertino</strong></span> <span class='ocrx_word' id='word_1_259' title='bbox 1619 1809 1761 1843; x_wconf 88' lang='lat' dir='ltr'><strong>tantum</strong></span> <span class='ocrx_word' id='word_1_260' title='bbox 1792 1809 1900 1856; x_wconf 89' lang='lat' dir='ltr'><strong>patre</strong></span> <span class='ocrx_word' id='word_1_261' title='bbox 1930 1809 2072 1851; x_wconf 89' lang='lat' dir='ltr'><strong>natum,</strong></span> <span class='ocrx_word' id='word_1_262' title='bbox 2102 1809 2225 1842; x_wconf 90' lang='lat' dir='ltr'><strong>tamen</strong></span> <span class='ocrx_word' id='word_1_263' title='bbox 2256 1802 2391 1842; x_wconf 87' lang='lat' dir='ltr'><strong>eodem</strong></span> <span class='ocrx_word' id='word_1_264' title='bbox 2423 1814 2499 1855; x_wconf 90' lang='lat' dir='ltr'><strong>quo</strong></span> 
     </span>
     <span class='ocr_line' id='line_1_22' title="bbox 274 1883 2499 1935; baseline -0 -12"><span class='ocrx_word' id='word_1_265' title='bbox 274 1883 501 1923; x_wconf 88' lang='lat' dir='ltr'><strong>nobiliorum</strong></span> <span class='ocrx_word' id='word_1_266' title='bbox 532 1889 570 1923; x_wconf 89' lang='lat' dir='ltr'><strong>et</strong></span> <span class='ocrx_word' id='word_1_267' title='bbox 585 1883 757 1924; x_wconf 89' lang='lat' dir='ltr'><strong>ditiorum</strong></span> <span class='ocrx_word' id='word_1_268' title='bbox 787 1883 977 1924; x_wconf 90' lang='lat' dir='ltr'><strong>hominum</strong></span> <span class='ocrx_word' id='word_1_269' title='bbox 1008 1883 1189 1923; x_wconf 80' lang='lat' dir='ltr'><strong>tiliicultu</strong></span> <span class='ocrx_word' id='word_1_270' title='bbox 1219 1883 1384 1924; x_wconf 88' lang='lat' dir='ltr'><strong>habitum</strong></span> <span class='ocrx_word' id='word_1_271' title='bbox 1414 1890 1451 1924; x_wconf 90' lang='lat' dir='ltr'><strong>et</strong></span> <span class='ocrx_word' id='word_1_272' title='bbox 1480 1896 1502 1923; x_wconf 94' lang='lat' dir='ltr'><strong>a</strong></span> <span class='ocrx_word' id='word_1_273' title='bbox 1523 1885 1677 1933; x_wconf 91' lang='lat' dir='ltr'><strong>teneris,</strong></span> <span class='ocrx_word' id='word_1_274' title='bbox 1708 1890 1749 1924; x_wconf 90' lang='lat' dir='ltr'><strong>ut</strong></span> <span class='ocrx_word' id='word_1_275' title='bbox 1769 1883 1907 1924; x_wconf 90' lang='lat' dir='ltr'><strong>Graeci</strong></span> <span class='ocrx_word' id='word_1_276' title='bbox 1937 1883 2076 1933; x_wconf 89' lang='lat' dir='ltr'><strong>dicunt,</strong></span> <span class='ocrx_word' id='word_1_277' title='bbox 2107 1883 2320 1934; x_wconf 86' lang='lat' dir='ltr'><strong>unguiculis</strong></span> <span class='ocrx_word' id='word_1_278' title='bbox 2350 1884 2499 1935; x_wconf 89' lang='lat' dir='ltr'><strong>penitus</strong></span> 
     </span>
     <span class='ocr_line' id='line_1_23' title="bbox 275 1963 2499 2017; baseline -0 -14"><span class='ocrx_word' id='word_1_279' title='bbox 275 1963 454 2004; x_wconf 89' lang='lat' dir='ltr'><strong>imbutum</strong></span> <span class='ocrx_word' id='word_1_280' title='bbox 482 1965 634 2015; x_wconf 81' lang='lat' dir='ltr'><strong>graecis</strong></span> <span class='ocrx_word' id='word_1_281' title='bbox 665 1964 821 2013; x_wconf 83' lang='lat' dir='ltr'><strong>litteris,</strong></span> <span class='ocrx_word' id='word_1_282' title='bbox 852 1966 889 2004; x_wconf 91' lang='lat' dir='ltr'><strong>in</strong></span> <span class='ocrx_word' id='word_1_283' title='bbox 920 1963 1166 2015; x_wconf 88' lang='lat' dir='ltr'><strong>dijudicandis</strong></span> <span class='ocrx_word' id='word_1_284' title='bbox 1202 1971 1369 2004; x_wconf 87' lang='lat' dir='ltr'><strong>veterum</strong></span> <span class='ocrx_word' id='word_1_285' title='bbox 1399 1971 1595 2017; x_wconf 87' lang='lat' dir='ltr'><strong>poetarum</strong></span> <span class='ocrx_word' id='word_1_286' title='bbox 1626 1964 1885 2004; x_wconf 87' lang='lat' dir='ltr'><strong>Romanorum</strong></span> <span class='ocrx_word' id='word_1_287' title='bbox 1916 1964 2096 2017; x_wconf 84' lang='lat' dir='ltr'><strong>operibus</strong></span> <span class='ocrx_word' id='word_1_288' title='bbox 2126 1963 2310 2003; x_wconf 89' lang='lat' dir='ltr'><strong>aberasse</strong></span> <span class='ocrx_word' id='word_1_289' title='bbox 2340 1975 2362 2002; x_wconf 91' lang='lat' dir='ltr'><strong>a</strong></span> <span class='ocrx_word' id='word_1_290' title='bbox 2393 1975 2499 2013; x_wconf 86' lang='lat' dir='ltr'><strong>vero,</strong></span> 
     </span>
     <span class='ocr_line' id='line_1_24' title="bbox 256 2043 2501 2104; baseline -0 -20"><span class='ocrx_word' id='word_1_291' title='bbox 256 2043 378 2104; x_wconf 17' lang='lat' dir='ltr'><strong>*quod</strong></span> <span class='ocrx_word' id='word_1_292' title='bbox 408 2051 532 2084; x_wconf 84' lang='lat' dir='ltr'><strong>tamen</strong></span> <span class='ocrx_word' id='word_1_293' title='bbox 562 2046 683 2098; x_wconf 86' lang='lat' dir='ltr'><strong>ipsum</strong></span> <span class='ocrx_word' id='word_1_294' title='bbox 715 2045 814 2084; x_wconf 91' lang='lat' dir='ltr'><strong>hunc</strong></span> <span class='ocrx_word' id='word_1_295' title='bbox 844 2045 1049 2085; x_wconf 88' lang='lat' dir='ltr'><strong>acutissimi</strong></span> <span class='ocrx_word' id='word_1_296' title='bbox 1078 2045 1219 2096; x_wconf 88' lang='lat' dir='ltr'><strong>ingenii</strong></span> <span class='ocrx_word' id='word_1_297' title='bbox 1248 2046 1368 2085; x_wconf 89' lang='lat' dir='ltr'><strong>virum</strong></span> <span class='ocrx_word' id='word_1_298' title='bbox 1399 2051 1502 2084; x_wconf 88' lang='lat' dir='ltr'><strong>certe</strong></span> <span class='ocrx_word' id='word_1_299' title='bbox 1532 2044 1703 2096; x_wconf 81' lang='lat' dir='ltr'><strong>effugere</strong></span> <span class='ocrx_word' id='word_1_300' title='bbox 1732 2057 1810 2084; x_wconf 92' lang='lat' dir='ltr'><strong>non</strong></span> <span class='ocrx_word' id='word_1_301' title='bbox 1839 2046 2042 2098; x_wconf 89' lang='lat' dir='ltr'><strong>potuisset,</strong></span> <span class='ocrx_word' id='word_1_302' title='bbox 2073 2045 2144 2084; x_wconf 89' lang='lat' dir='ltr'><strong>nisi</strong></span> <span class='ocrx_word' id='word_1_303' title='bbox 2175 2043 2248 2084; x_wconf 91' lang='lat' dir='ltr'><strong>alia</strong></span> <span class='ocrx_word' id='word_1_304' title='bbox 2278 2050 2316 2084; x_wconf 91' lang='lat' dir='ltr'><strong>et</strong></span> <span class='ocrx_word' id='word_1_305' title='bbox 2345 2044 2501 2095; x_wconf 82' lang='lat' dir='ltr'><strong>gravior</strong></span> 
     </span>
     <span class='ocr_line' id='line_1_25' title="bbox 275 2124 2499 2180; baseline -0.001 -14"><span class='ocrx_word' id='word_1_306' title='bbox 275 2125 459 2178; x_wconf 84' lang='lat' dir='ltr'><strong>quaedam</strong></span> <span class='ocrx_word' id='word_1_307' title='bbox 491 2138 628 2176; x_wconf 91' lang='lat' dir='ltr'><strong>causa,</strong></span> <span class='ocrx_word' id='word_1_308' title='bbox 666 2138 688 2165; x_wconf 89' lang='lat' dir='ltr'><strong>a</strong></span> <span class='ocrx_word' id='word_1_309' title='bbox 718 2127 877 2179; x_wconf 90' lang='lat' dir='ltr'><strong>partium</strong></span> <span class='ocrx_word' id='word_1_310' title='bbox 907 2124 1056 2176; x_wconf 88' lang='lat' dir='ltr'><strong>studiis,</strong></span> <span class='ocrx_word' id='word_1_311' title='bbox 1088 2138 1184 2178; x_wconf 91' lang='lat' dir='ltr'><strong>quae</strong></span> <span class='ocrx_word' id='word_1_312' title='bbox 1214 2125 1275 2166; x_wconf 91' lang='lat' dir='ltr'><strong>vel</strong></span> <span class='ocrx_word' id='word_1_313' title='bbox 1299 2128 1460 2165; x_wconf 89' lang='lat' dir='ltr'><strong>maxime</strong></span> <span class='ocrx_word' id='word_1_314' title='bbox 1490 2127 1626 2166; x_wconf 90' lang='lat' dir='ltr'><strong>mentis</strong></span> <span class='ocrx_word' id='word_1_315' title='bbox 1658 2127 1780 2166; x_wconf 89' lang='lat' dir='ltr'><strong>aciem</strong></span> <span class='ocrx_word' id='word_1_316' title='bbox 1809 2127 2093 2180; x_wconf 86' lang='lat' dir='ltr'><strong>praestringere</strong></span> <span class='ocrx_word' id='word_1_317' title='bbox 2123 2124 2262 2176; x_wconf 90' lang='lat' dir='ltr'><strong>solent,</strong></span> <span class='ocrx_word' id='word_1_318' title='bbox 2292 2124 2499 2179; x_wconf 89' lang='lat' dir='ltr'><strong>repetenda</strong></span> 
     </span>
     <span class='ocr_line' id='line_1_26' title="bbox 275 2206 2498 2261; baseline 0 -14"><span class='ocrx_word' id='word_1_319' title='bbox 275 2209 517 2248; x_wconf 81' lang='lat' dir='ltr'><strong>accessisset.</strong></span> <span class='ocrx_word' id='word_1_320' title='bbox 576 2207 748 2260; x_wconf 83' lang='lat' dir='ltr'><strong>Namque</strong></span> <span class='ocrx_word' id='word_1_321' title='bbox 778 2208 952 2259; x_wconf 81' lang='lat' dir='ltr'><strong>Angusto</strong></span> <span class='ocrx_word' id='word_1_322' title='bbox 984 2209 1193 2260; x_wconf 90' lang='lat' dir='ltr'><strong>imperante</strong></span> <span class='ocrx_word' id='word_1_323' title='bbox 1221 2207 1414 2261; x_wconf 89' lang='lat' dir='ltr'><strong>paullatim</strong></span> <span class='ocrx_word' id='word_1_324' title='bbox 1446 2207 1672 2255; x_wconf 79' lang='lat' dir='ltr'><strong>omniasub</strong></span> <span class='ocrx_word' id='word_1_325' title='bbox 1703 2209 1814 2249; x_wconf 88' lang='lat' dir='ltr'><strong>unius</strong></span> <span class='ocrx_word' id='word_1_326' title='bbox 1845 2214 2074 2261; x_wconf 87' lang='lat' dir='ltr'><strong>potestatem</strong></span> <span class='ocrx_word' id='word_1_327' title='bbox 2105 2206 2258 2248; x_wconf 89' lang='lat' dir='ltr'><strong>redacta</strong></span> <span class='ocrx_word' id='word_1_328' title='bbox 2288 2213 2416 2257; x_wconf 89' lang='lat' dir='ltr'><strong>erant,</strong></span> <span class='ocrx_word' id='word_1_329' title='bbox 2447 2209 2498 2247; x_wconf 83' lang='lat' dir='ltr'><strong>ita</strong></span> 
     </span>
     <span class='ocr_line' id='line_1_27' title="bbox 275 2271 2498 2343; baseline 0 -16"><span class='ocrx_word' id='word_1_330' title='bbox 275 2294 399 2329; x_wconf 91' lang='lat' dir='ltr'><strong>tamen</strong></span> <span class='ocrx_word' id='word_1_331' title='bbox 430 2296 469 2330; x_wconf 87' lang='lat' dir='ltr'><strong>ut</strong></span> <span class='ocrx_word' id='word_1_332' title='bbox 487 2290 627 2330; x_wconf 89' lang='lat' dir='ltr'><strong>veteris</strong></span> <span class='ocrx_word' id='word_1_333' title='bbox 664 2288 895 2343; x_wconf 89' lang='lat' dir='ltr'><strong>reipublicae</strong></span> <span class='ocrx_word' id='word_1_334' title='bbox 925 2288 1047 2329; x_wconf 85' lang='lat' dir='ltr'><strong>forma</strong></span> <span class='ocrx_word' id='word_1_335' title='bbox 1082 2300 1220 2341; x_wconf 87' lang='lat' dir='ltr'><strong>magna</strong></span> <span class='ocrx_word' id='word_1_336' title='bbox 1256 2301 1305 2329; x_wconf 84' lang='lat' dir='ltr'><strong>ex</strong></span> <span class='ocrx_word' id='word_1_337' title='bbox 1335 2295 1443 2343; x_wconf 88' lang='lat' dir='ltr'><strong>parte</strong></span> <span class='ocrx_word' id='word_1_338' title='bbox 1474 2289 1586 2329; x_wconf 85' lang='lat' dir='ltr'><strong>ctiam</strong></span> <span class='ocrx_word' id='word_1_339' title='bbox 1617 2295 1846 2330; x_wconf 84' lang='lat' dir='ltr'><strong>servaretur.</strong></span> <span class='ocrx_word' id='word_1_340' title='bbox 1913 2286 1992 2329; x_wconf 86' lang='lat' dir='ltr'><strong>Sed</strong></span> <span class='ocrx_word' id='word_1_341' title='bbox 2023 2301 2099 2342; x_wconf 91' lang='lat' dir='ltr'><strong>quo</strong></span> <span class='ocrx_word' id='word_1_342' title='bbox 2134 2289 2255 2341; x_wconf 87' lang='lat' dir='ltr'><strong>magis</strong></span> <span class='ocrx_word' id='word_1_343' title='bbox 2290 2271 2424 2329; x_wconf 81' lang='lat' dir='ltr'><strong>omnes</strong></span> <span class='ocrx_word' id='word_1_344' title='bbox 2454 2300 2498 2328; x_wconf 91' lang='lat' dir='ltr'><strong>se</strong></span> 
     </span>
     <span class='ocr_line' id='line_1_28' title="bbox 274 2368 2509 2424; baseline 0.001 -17"><span class='ocrx_word' id='word_1_345' title='bbox 274 2380 371 2409; x_wconf 82' lang='lat' dir='ltr'><strong>vana</strong></span> <span class='ocrx_word' id='word_1_346' title='bbox 386 2375 527 2411; x_wconf 89' lang='lat' dir='ltr'><strong>tantum</strong></span> <span class='ocrx_word' id='word_1_347' title='bbox 545 2372 674 2424; x_wconf 89' lang='lat' dir='ltr'><strong>specie</strong></span> <span class='ocrx_word' id='word_1_348' title='bbox 695 2369 874 2410; x_wconf 85' lang='lat' dir='ltr'><strong>ludificari</strong></span> <span class='ocrx_word' id='word_1_349' title='bbox 907 2369 1134 2420; x_wconf 89' lang='lat' dir='ltr'><strong>sentiebant,</strong></span> <span class='ocrx_word' id='word_1_350' title='bbox 1164 2382 1212 2410; x_wconf 92' lang='lat' dir='ltr'><strong>eo</strong></span> <span class='ocrx_word' id='word_1_351' title='bbox 1243 2369 1397 2410; x_wconf 89' lang='lat' dir='ltr'><strong>altiores</strong></span> <span class='ocrx_word' id='word_1_352' title='bbox 1427 2370 1464 2409; x_wconf 91' lang='lat' dir='ltr'><strong>in</strong></span> <span class='ocrx_word' id='word_1_353' title='bbox 1494 2371 1628 2410; x_wconf 89' lang='lat' dir='ltr'><strong>animis</strong></span> <span class='ocrx_word' id='word_1_354' title='bbox 1658 2369 1806 2410; x_wconf 89' lang='lat' dir='ltr'><strong>radices</strong></span> <span class='ocrx_word' id='word_1_355' title='bbox 1837 2369 2019 2410; x_wconf 89' lang='lat' dir='ltr'><strong>libertatis</strong></span> <span class='ocrx_word' id='word_1_356' title='bbox 2050 2380 2157 2409; x_wconf 91' lang='lat' dir='ltr'><strong>amor</strong></span> <span class='ocrx_word' id='word_1_357' title='bbox 2186 2368 2340 2420; x_wconf 90' lang='lat' dir='ltr'><strong>agebat,</strong></span> <span class='ocrx_word' id='word_1_358' title='bbox 2371 2377 2509 2422; x_wconf 80' lang='lat' dir='ltr'><strong>eoque</strong></span> 
     </span>
     <span class='ocr_line' id='line_1_29' title="bbox 274 2449 2497 2504; baseline 0 -15"><span class='ocrx_word' id='word_1_359' title='bbox 274 2451 395 2501; x_wconf 86' lang='lat' dir='ltr'><strong>magis</strong></span> <span class='ocrx_word' id='word_1_360' title='bbox 416 2452 452 2490; x_wconf 90' lang='lat' dir='ltr'><strong>in</strong></span> <span class='ocrx_word' id='word_1_361' title='bbox 475 2451 659 2490; x_wconf 91' lang='lat' dir='ltr'><strong>mentibus</strong></span> <span class='ocrx_word' id='word_1_362' title='bbox 681 2450 834 2503; x_wconf 86' lang='lat' dir='ltr'><strong>vigebat</strong></span> <span class='ocrx_word' id='word_1_363' title='bbox 863 2452 1008 2504; x_wconf 88' lang='lat' dir='ltr'><strong>pristini</strong></span> <span class='ocrx_word' id='word_1_364' title='bbox 1030 2452 1210 2504; x_wconf 89' lang='lat' dir='ltr'><strong>temporis</strong></span> <span class='ocrx_word' id='word_1_365' title='bbox 1232 2452 1423 2490; x_wconf 88' lang='lat' dir='ltr'><strong>memoria.</strong></span> <span class='ocrx_word' id='word_1_366' title='bbox 1484 2449 1602 2499; x_wconf 83' lang='lat' dir='ltr'><strong>Quam</strong></span> <span class='ocrx_word' id='word_1_367' title='bbox 1634 2456 1673 2490; x_wconf 89' lang='lat' dir='ltr'><strong>ut</strong></span> <span class='ocrx_word' id='word_1_368' title='bbox 1704 2451 1933 2504; x_wconf 88' lang='lat' dir='ltr'><strong>pedetentim</strong></span> <span class='ocrx_word' id='word_1_369' title='bbox 1965 2451 2241 2502; x_wconf 86' lang='lat' dir='ltr'><strong>exstingueret,</strong></span> <span class='ocrx_word' id='word_1_370' title='bbox 2271 2452 2375 2489; x_wconf 84' lang='lat' dir='ltr'><strong>varia</strong></span> <span class='ocrx_word' id='word_1_371' title='bbox 2405 2456 2497 2490; x_wconf 90' lang='lat' dir='ltr'><strong>ten-</strong></span> 
     </span>
     <span class='ocr_line' id='line_1_30' title="bbox 274 2530 2497 2584; baseline 0 -16"><span class='ocrx_word' id='word_1_372' title='bbox 274 2532 365 2569; x_wconf 86' lang='lat' dir='ltr'><strong>tavit</strong></span> <span class='ocrx_word' id='word_1_373' title='bbox 395 2533 587 2583; x_wconf 78' lang='lat' dir='ltr'><strong>Augustus</strong></span> <span class='ocrx_word' id='word_1_374' title='bbox 619 2533 814 2571; x_wconf 84' lang='lat' dir='ltr'><strong>doctorum</strong></span> <span class='ocrx_word' id='word_1_375' title='bbox 854 2533 1022 2584; x_wconf 85' lang='lat' dir='ltr'><strong>inprimis</strong></span> <span class='ocrx_word' id='word_1_376' title='bbox 1053 2533 1216 2571; x_wconf 88' lang='lat' dir='ltr'><strong>virorum</strong></span> <span class='ocrx_word' id='word_1_377' title='bbox 1257 2531 1425 2571; x_wconf 89' lang='lat' dir='ltr'><strong>consiliis</strong></span> <span class='ocrx_word' id='word_1_378' title='bbox 1455 2532 1625 2583; x_wconf 82' lang='lat' dir='ltr'><strong>adjutuS,</strong></span> <span class='ocrx_word' id='word_1_379' title='bbox 1666 2533 1729 2583; x_wconf 91' lang='lat' dir='ltr'><strong>qui</strong></span> <span class='ocrx_word' id='word_1_380' title='bbox 1767 2544 1871 2570; x_wconf 89' lang='lat' dir='ltr'><strong>suam</strong></span> <span class='ocrx_word' id='word_1_381' title='bbox 1903 2534 1937 2570; x_wconf 89' lang='lat' dir='ltr'><strong>ei</strong></span> <span class='ocrx_word' id='word_1_382' title='bbox 1969 2544 2124 2583; x_wconf 84' lang='lat' dir='ltr'><strong>operam</strong></span> <span class='ocrx_word' id='word_1_383' title='bbox 2155 2531 2314 2583; x_wconf 91' lang='lat' dir='ltr'><strong>polliciti</strong></span> <span class='ocrx_word' id='word_1_384' title='bbox 2344 2530 2422 2570; x_wconf 91' lang='lat' dir='ltr'><strong>hoc</strong></span> <span class='ocrx_word' id='word_1_385' title='bbox 2460 2533 2497 2569; x_wconf 90' lang='lat' dir='ltr'><strong>in</strong></span> 
     </span>
     <span class='ocr_line' id='line_1_31' title="bbox 273 2611 2496 2666; baseline 0.001 -17"><span class='ocrx_word' id='word_1_386' title='bbox 273 2623 317 2649; x_wconf 88' lang='lat' dir='ltr'><strong>se</strong></span> <span class='ocrx_word' id='word_1_387' title='bbox 348 2624 482 2654; x_wconf 87' lang='lat' dir='ltr'><strong>munus</strong></span> <span class='ocrx_word' id='word_1_388' title='bbox 511 2620 753 2666; x_wconf 84' lang='lat' dir='ltr'><strong>receperunt,</strong></span> <span class='ocrx_word' id='word_1_389' title='bbox 791 2620 830 2653; x_wconf 90' lang='lat' dir='ltr'><strong>ut</strong></span> <span class='ocrx_word' id='word_1_390' title='bbox 861 2615 1005 2653; x_wconf 90' lang='lat' dir='ltr'><strong>animos</strong></span> <span class='ocrx_word' id='word_1_391' title='bbox 1035 2625 1257 2665; x_wconf 87' lang='lat' dir='ltr'><strong>graecarum</strong></span> <span class='ocrx_word' id='word_1_392' title='bbox 1287 2612 1490 2652; x_wconf 87' lang='lat' dir='ltr'><strong>litterarum</strong></span> <span class='ocrx_word' id='word_1_393' title='bbox 1530 2611 1728 2652; x_wconf 89' lang='lat' dir='ltr'><strong>dulcedine</strong></span> <span class='ocrx_word' id='word_1_394' title='bbox 1758 2612 1988 2662; x_wconf 79' lang='lat' dir='ltr'><strong>delenirem,</strong></span> <span class='ocrx_word' id='word_1_395' title='bbox 2027 2619 2065 2652; x_wconf 88' lang='lat' dir='ltr'><strong>et</strong></span> <span class='ocrx_word' id='word_1_396' title='bbox 2095 2611 2243 2652; x_wconf 83' lang='lat' dir='ltr'><strong>levibus</strong></span> <span class='ocrx_word' id='word_1_397' title='bbox 2273 2611 2496 2665; x_wconf 88' lang='lat' dir='ltr'><strong>quibusdam</strong></span> 
     </span>
     <span class='ocr_line' id='line_1_32' title="bbox 273 2692 2496 2748; baseline 0 -17"><span class='ocrx_word' id='word_1_398' title='bbox 273 2693 568 2744; x_wconf 87' lang='lat' dir='ltr'><strong>quaestiunculis</strong></span> <span class='ocrx_word' id='word_1_399' title='bbox 598 2694 646 2734; x_wconf 91' lang='lat' dir='ltr'><strong>de</strong></span> <span class='ocrx_word' id='word_1_400' title='bbox 678 2695 812 2745; x_wconf 90' lang='lat' dir='ltr'><strong>rebus,</strong></span> <span class='ocrx_word' id='word_1_401' title='bbox 853 2707 950 2748; x_wconf 90' lang='lat' dir='ltr'><strong>quae</strong></span> <span class='ocrx_word' id='word_1_402' title='bbox 988 2693 1035 2734; x_wconf 90' lang='lat' dir='ltr'><strong>ad</strong></span> <span class='ocrx_word' id='word_1_403' title='bbox 1072 2694 1277 2734; x_wconf 87' lang='lat' dir='ltr'><strong>litterarum</strong></span> <span class='ocrx_word' id='word_1_404' title='bbox 1315 2700 1353 2733; x_wconf 92' lang='lat' dir='ltr'><strong>et</strong></span> <span class='ocrx_word' id='word_1_405' title='bbox 1389 2695 1519 2733; x_wconf 87' lang='lat' dir='ltr'><strong>artium</strong></span> <span class='ocrx_word' id='word_1_406' title='bbox 1559 2693 1678 2733; x_wconf 86' lang='lat' dir='ltr'><strong>studia</strong></span> <span class='ocrx_word' id='word_1_407' title='bbox 1710 2692 1976 2746; x_wconf 87' lang='lat' dir='ltr'><strong>pertinebant,</strong></span> <span class='ocrx_word' id='word_1_408' title='bbox 2008 2694 2218 2746; x_wconf 87' lang='lat' dir='ltr'><strong>propositis</strong></span> <span class='ocrx_word' id='word_1_409' title='bbox 2249 2699 2496 2747; x_wconf 90' lang='lat' dir='ltr'><strong>occuparent,</strong></span> 
     </span>
     <span class='ocr_line' id='line_1_33' title="bbox 273 2773 2496 2836; baseline 0 -24"><span class='ocrx_word' id='word_1_410' title='bbox 273 2774 309 2812; x_wconf 90' lang='lat' dir='ltr'><strong>iu</strong></span> <span class='ocrx_word' id='word_1_411' title='bbox 339 2775 463 2814; x_wconf 83' lang='lat' dir='ltr'><strong>varias</strong></span> <span class='ocrx_word' id='word_1_412' title='bbox 494 2782 621 2829; x_wconf 86' lang='lat' dir='ltr'><strong>partes</strong></span> <span class='ocrx_word' id='word_1_413' title='bbox 659 2777 710 2816; x_wconf 86' lang='lat' dir='ltr'><strong>ita</strong></span> <span class='ocrx_word' id='word_1_414' title='bbox 741 2776 941 2817; x_wconf 85' lang='lat' dir='ltr'><strong>distractos</strong></span> <span class='ocrx_word' id='word_1_415' title='bbox 980 2787 1001 2815; x_wconf 90' lang='lat' dir='ltr'><strong>a</strong></span> <span class='ocrx_word' id='word_1_416' title='bbox 1031 2787 1156 2816; x_wconf 89' lang='lat' dir='ltr'><strong>rerum</strong></span> <span class='ocrx_word' id='word_1_417' title='bbox 1194 2775 1423 2830; x_wconf 87' lang='lat' dir='ltr'><strong>publicarum</strong></span> <span class='ocrx_word' id='word_1_418' title='bbox 1465 2787 1551 2815; x_wconf 86' lang='lat' dir='ltr'><strong>cura</strong></span> <span class='ocrx_word' id='word_1_419' title='bbox 1592 2781 1818 2825; x_wconf 85' lang='lat' dir='ltr'><strong>avocarent,</strong></span> <span class='ocrx_word' id='word_1_420' title='bbox 1859 2781 1897 2814; x_wconf 91' lang='lat' dir='ltr'><strong>et</strong></span> <span class='ocrx_word' id='word_1_421' title='bbox 1929 2775 2090 2836; x_wconf 77' lang='lat' dir='ltr'><strong>Augusti</strong></span> <span class='ocrx_word' id='word_1_422' title='bbox 2130 2773 2304 2814; x_wconf 87' lang='lat' dir='ltr'><strong>laudibus</strong></span> <span class='ocrx_word' id='word_1_423' title='bbox 2337 2773 2496 2828; x_wconf 88' lang='lat' dir='ltr'><strong>praedi-</strong></span> 
     </span>
    </p>
   </div>
   <div class='ocr_carea' id='block_1_2' title="bbox 482 2957 2247 3074">
    <p class='ocr_par' dir='ltr' id='par_1_4' title="bbox 482 2957 2247 3074">
     <span class='ocr_line' id='line_1_34' title="bbox 486 2957 1969 3003; baseline 0 -11"><span class='ocrx_word' id='word_1_424' title='bbox 486 2957 517 3001; x_wconf 87' lang='lat'><strong>ยน)</strong></span> <span class='ocrx_word' id='word_1_425' title='bbox 543 2959 588 2993; x_wconf 75' lang='lat' dir='ltr'><strong>cf.</strong></span> <span class='ocrx_word' id='word_1_426' title='bbox 614 2958 714 2993; x_wconf 83' lang='lat' dir='ltr'><strong>Caes.</strong></span> <span class='ocrx_word' id='word_1_427' title='bbox 740 2960 782 2993; x_wconf 90' lang='lat' dir='ltr'><strong>de</strong></span> <span class='ocrx_word' id='word_1_428' title='bbox 808 2959 845 2993; x_wconf 92' lang='grc' dir='ltr'><strong>ฮ.</strong></span> <span class='ocrx_word' id='word_1_429' title='bbox 873 2958 911 2994; x_wconf 85' lang='lat' dir='ltr'><strong>C.</strong></span> <span class='ocrx_word' id='word_1_430' title='bbox 935 2959 978 2993; x_wconf 88' lang='lat'><strong>11.</strong></span> <span class='ocrx_word' id='word_1_431' title='bbox 1003 2957 1059 3003; x_wconf 79' lang='lat'><strong>39,</strong></span> <span class='ocrx_word' id='word_1_432' title='bbox 1084 2959 1233 2993; x_wconf 83' lang='lat' dir='ltr'><strong>Proinde</strong></span> <span class='ocrx_word' id='word_1_433' title='bbox 1256 2959 1299 2993; x_wconf 88' lang='lat' dir='ltr'><strong>ad</strong></span> <span class='ocrx_word' id='word_1_434' title='bbox 1325 2958 1506 3003; x_wconf 84' lang='lat' dir='ltr'><strong>praedam,</strong></span> <span class='ocrx_word' id='word_1_435' title='bbox 1531 2958 1575 2991; x_wconf 87' lang='lat' dir='ltr'><strong>ad</strong></span> <span class='ocrx_word' id='word_1_436' title='bbox 1600 2958 1744 3002; x_wconf 87' lang='lat' dir='ltr'><strong>gloriam</strong></span> <span class='ocrx_word' id='word_1_437' title='bbox 1771 2964 1969 3003; x_wconf 86' lang='lat' dir='ltr'><strong>properate.</strong></span> 
     </span>
     <span class='ocr_line' id='line_1_35' title="bbox 482 3027 2247 3074; baseline -0.001 -12"><span class='ocrx_word' id='word_1_438' title='bbox 482 3028 512 3072; x_wconf 82' lang='lat'><strong>ยฒ)</strong></span> <span class='ocrx_word' id='word_1_439' title='bbox 540 3027 612 3063; x_wconf 88' lang='lat' dir='ltr'><strong>Cic.</strong></span> <span class='ocrx_word' id='word_1_440' title='bbox 638 3029 680 3063; x_wconf 90' lang='lat' dir='ltr'><strong>de</strong></span> <span class='ocrx_word' id='word_1_441' title='bbox 705 3028 790 3074; x_wconf 81' lang='lat' dir='ltr'><strong>Rsp.</strong></span> <span class='ocrx_word' id='word_1_442' title='bbox 815 3028 842 3064; x_wconf 85' lang='lat' dir='ltr'><strong>l.</strong></span> <span class='ocrx_word' id='word_1_443' title='bbox 867 3027 898 3063; x_wconf 89' lang='lat' dir='ltr'><strong>l.</strong></span> <span class='ocrx_word' id='word_1_444' title='bbox 923 3028 966 3065; x_wconf 73' lang='grc' dir='ltr'><strong>ฮ.</strong></span> <span class='ocrx_word' id='word_1_445' title='bbox 993 3028 1125 3063; x_wconf 90' lang='lat' dir='ltr'><strong>Catone</strong></span> <span class='ocrx_word' id='word_1_446' title='bbox 1150 3028 1248 3074; x_wconf 88' lang='lat' dir='ltr'><strong>quasi</strong></span> <span class='ocrx_word' id='word_1_447' title='bbox 1273 3027 1458 3073; x_wconf 85' lang='lat' dir='ltr'><strong>exemplari</strong></span> <span class='ocrx_word' id='word_1_448' title='bbox 1482 3028 1525 3061; x_wconf 89' lang='lat' dir='ltr'><strong>ad</strong></span> <span class='ocrx_word' id='word_1_449' title='bbox 1549 3028 1750 3062; x_wconf 87' lang='lat' dir='ltr'><strong>industriam</strong></span> <span class='ocrx_word' id='word_1_450' title='bbox 1777 3028 2009 3073; x_wconf 85' lang='lat' dir='ltr'><strong>virtutemque</strong></span> <span class='ocrx_word' id='word_1_451' title='bbox 2034 3027 2247 3062; x_wconf 80' lang='lat' dir='ltr'><strong>adducimur.</strong></span> 
     </span>
    </p>
   </div>
   <div class='ocr_carea' id='block_1_3' title="bbox 2131 3097 2187 3164">
    <p class='ocr_par' dir='ltr' id='par_1_5' title="bbox 2131 3097 2187 3164">
     <span class='ocr_line' id='line_1_36' title="bbox 2131 3097 2187 3164; baseline 0 -26"><span class='ocrx_word' id='word_1_452' title='bbox 2131 3161 2134 3164; x_wconf 9' lang='grc' dir='ltr'><strong><em>แผฆ</em></strong></span> <span class='ocrx_word' id='word_1_453' title='bbox 2161 3097 2187 3138; x_wconf 79' lang='lat'><strong>2</strong></span> 
     </span>
    </p>
   </div>
  </div>
 </body>
</html>
