2748 3344
0 0 71 14 '5⁷-³⁷·⁷
91 0 95 2 -
121 1 125 5 .

1343 150 1397 196 11

265 283 579 329 subscribendum
609 290 797 337 putemus.
874 284 964 325 nihi
1002 284 1152 339 quidem
1182 297 1259 326 non
1289 287 1413 328 minus
1443 298 1554 339 quam
1585 284 1687 339 quod
1717 284 1765 325 de
1794 284 1936 326 salibus
1965 284 2146 325 Plautinis
2175 283 2279 335 tulit,
2312 285 2479 338 iniqn-

265 367 423 407 videtur.
483 363 565 403 Nec
578 365 701 422 potuit
729 377 806 405 non
834 365 1002 405 incidere
1030 367 1068 406 in
1097 378 1282 416 errorem,
1313 379 1428 419 quum
1457 365 1506 406 ad
1536 378 1606 406 eos
1636 366 1746 405 metri
1775 364 1899 417 leges,
1929 377 2025 418 quas
2053 363 2290 406 cnecon-
2317 366 2481 417 vestigia

267 458 400 500 presse
430 450 562 484 secuta
593 450 698 484 aetas
728 444 900 496 Augusta
929 445 1002 486 sibi
1031 447 1249 499 scripserat,
1287 447 1323 486 in
1353 446 1472 487 Plauti
1510 447 1625 485 etiam
1656 444 1793 484 sabulis
1823 443 2066 485 aestimandis
2106 445 2237 484 omnin
2266 450 2482 495 moe-ret,

269 527 333 578 qui
352 526 452 563 vitae
472 537 581 563 usum
603 530 642 564 et
661 524 827 575 vulgaris
849 527 1036 565 sermonis
1058 526 1382 577 consuetudinem,
1411 533 1452 567 ut
1481 525 1646 566 debebat
1675 527 1711 565 in
1732 537 1803 565 sno
1821 537 1978 577 genere,
2007 525 2069 566 vel
2089 526 2256 566 maxime
2273 525 2483 578 respiciens

268 608 305 645 in
335 603 507 644 versibus
532 604 805 657 componendis
837 610 1009 657 tempora
1032 605 1259 656 syllabarum
1284 619 1368 646 cum
1393 606 1788 647 accentucouciliare
1808 605 1961 656 studuit,
1990 611 2172 659 tantaque
2200 610 2283 645 arte
2302 615 2485 646 numeros

271 683 484 736 modosque
515 683 682 734 effinxit,
728 690 768 725 ut
813 686 997 726 varietate
1033 697 1102 726 sua
1137 691 1174 727 et
1212 685 1378 738 agilitate
1415 686 1463 728 ad
1499 698 1635 727 omnes
1680 687 1795 727 animi
1824 691 1949 727 motus
1987 685 2260 740 exprimendos
2296 685 2486 740 aptissimi

269 772 411 806 essent.
474 765 614 805 Verum
645 766 759 818 igitur
788 765 929 806 vidisse
960 767 1049 807 mihi
1079 766 1251 808 videntur
1279 768 1324 818 ii,
1354 770 1418 821 qui
1447 767 1643 808 Plautinos
1673 778 1853 808 numeros
1883 766 2100 818 laudarunt,
2130 777 2355 821 persuasum
2385 766 2487 806 enim

270 847 419 897 habeo,
457 853 497 886 ut
532 846 614 886 aliis
644 848 681 886 in
713 847 827 887 rebus
857 849 914 888 sie
944 850 1056 888 etiam
1095 850 1131 888 in
1170 848 1244 889 hac
1277 856 1384 903 parte
1416 852 1545 903 operis
1585 856 1690 889 recte
1727 848 1800 889 dici
1837 860 1957 902 posse
1985 847 2155 889 Plautum
2193 859 2405 902 properare
2440 846 2488 887 ad

273 928 471 981 exemplar
483 927 718 981 Epicharmi,
750 941 861 982 quem
893 933 1004 969 etiam
1035 931 1072 969 in
1103 929 1276 970 versibus
1296 931 1505 984 pangendis
1537 937 1692 970 naturae
1724 929 1830 970 ducis
1851 931 1973 982 magis
1989 931 2161 982 vestigia,
2193 941 2306 983 quam
2328 940 2488 969 severae

273 1012 364 1050 artis
395 1009 502 1060 leges
533 1016 702 1050 secutum
734 1023 821 1050 esse
851 1013 1005 1051 scimus.
