2748 3344
1371 152 1409 201 5

262 303 389 343 flocum
418 291 456 331 iu
487 302 565 342 qno
596 290 782 342 enJusque
802 290 889 329 anni
910 288 1042 330 clavus
1063 289 1161 329 lixns
1191 296 1287 340 erat,
1318 296 1425 330 recte
1444 291 1644 340 verticem,
1674 283 1843 342 supremi
1864 295 1992 330 anm
2011 289 2103 330 anui
2121 300 2309 329 nmmum
2329 289 2513 329 verticem

261 370 325 410 vel
355 375 554 424 poetarum
586 380 713 419 more,
745 369 809 421 qui
838 368 976 422 plurali
1005 381 1165 409 numero
1195 381 1266 423 pro
1297 370 1481 422 singulari
1510 370 1739 422 saepissime
1767 374 1935 419 utuntur,
1965 380 2137 410 annno·
2159 368 2327 409 verum
2357 367 2514 410 dixeris.

266 452 420 491 Summa
450 451 551 490 euim
583 451 708 489 omnia
738 450 903 489 vertices
934 449 1095 489 Romani
1125 449 1393 502 appellabant,
1431 461 1510 490 uon
1541 449 1665 489 solnm
1697 451 1822 502 eapita
1853 449 2068 499 hominum,
2098 448 2262 489 eulmina
2290 447 2445 489 aedium
2474 455 2515 489 et

262 531 460 570 eacumina
505 530 688 569 montium
733 528 803 568 sed
849 528 979 582 paullo
1022 529 1203 569 audacius
1247 529 1322 570 alia
1356 532 1471 570 etiam
1501 541 1538 569 e.
1585 540 1620 569 e.
1642 528 1780 569 Cicero
1815 528 1971 570 Tuaonl.
2016 528 2042 569 l.
2088 527 2138 569 11.
2183 541 2217 568 e.
2263 526 2292 568 0
2341 539 2513 568 summm

261 609 438 650 dolores:
479 607 589 649 Nune
619 621 720 649 nunc
750 607 925 649 dolorum
955 607 1116 648 auxiferi
1145 614 1326 662 torquent
1347 610 1536 650 vertices..

470 688 606 741 Neque
646 688 735 728 huic
773 689 883 729 vocis
914 688 1196 740 significationi
1226 696 1436 743 repugnat,
1474 689 1579 743 quod
1618 687 1718 742 apud
1749 687 2016 737 Quintilianum
2054 687 2286 741 legimua,¹)
2323 688 2506 728 verticem
2581 744 2586 750 μ

260 781 349 810 esse
387 769 543 822 proprie
579 768 682 809 unde
721 769 866 808 initium
904 769 966 808 sit.
1022 821 1026 825 .
1065 768 1162 808 Nam
1192 775 1231 810 et
1259 771 1380 811 nostri
1419 769 1497 810 loci
1533 771 1754 824 accuratius(
1789 768 2018 809 considenti
2064 769 2163 809 ratio
2202 767 2393 819 oste-dit,
2433 779 2512 810 nou

259 850 385 891 statim
420 850 612 901 ingruisse
651 849 836 889 moriendi
868 849 1158 899 necessitatem,
1198 861 1312 903 quum
1351 849 1483 890 olavus
1516 850 1615 889 lixns
1654 855 1781 898 esset,
1831 849 1901 889 sed
1943 855 2107 890 mortem
2146 847 2412 890 tautummodo
2452 860 2502 889 eo

260 943 360 972 auno
392 933 457 984 qui
486 937 665 983 tanquam
696 918 897 983 supremus
928 929 1040 971 clavo
1071 930 1149 970 lixo
1179 936 1331 972 notatus
1361 937 1482 982 esset,
1519 931 1732 985 proximam
1762 936 1803 971 et
1833 929 2089 970 inevitabilem
2118 930 2263 977 fnium
2293 930 2405 971 aliter
2434 942 2508 971 nee

255 1012 370 1053 metui
407 1011 541 1052 mortis
586 1010 747 1065 amplius
784 1022 857 1051 nec
893 1009 958 1052 ulli
994 1009 1142 1064 laqueis
1177 1012 1263 1063 ejus
1308 1018 1424 1066 eaput
1461 1011 1691 1066 expediendi
1722 1012 1875 1052 conatui
1905 1010 2015 1054 locus
2045 1010 2194 1054 fuisset.

465 1091 659 1144 Ceterum,
690 1105 804 1146 quum
835 1104 886 1133 ex
914 1092 1009 1134 Livii
1039 1091 1130 1133 loco
1159 1104 1277 1147 supra
1306 1092 1460 1135 laudato
1491 1094 1586 1135 satis
1616 1093 1786 1144 eluceat,
1818 1105 1963 1133 morem
1993 1092 2097 1134 illum
2127 1104 2251 1134 aunon
2281 1093 2394 1135 clavo
2425 1093 2504 1134 lixo

258 1173 413 1214 notandi
445 1175 557 1214 etiam
589 1173 688 1227 apud
726 1173 914 1214 Etruscos
945 1174 1121 1214 usitatum
1152 1173 1293 1224 fuisse,
1332 1174 1446 1215 facile
1476 1174 1720 1227 intelligitur,
1759 1185 1871 1227 qnam
1900 1172 2109 1214 verisimile
2138 1175 2211 1225 ait,
2252 1173 2356 1215 illum
2387 1175 2504 1215 etiam

257 1255 439 1294 artificem
472 1256 535 1306 qui
565 1254 762 1307 speculum
793 1253 842 1293 ab
873 1247 1019 1294 Orellio
1051 1253 1388 1294 commemoratum
1420 1255 1608 1305 coniecit,
1645 1254 1834 1307 siqnidem
1872 1267 1965 1294 vere
1993 1254 2198 1295 Etruscum
2228 1261 2309 1305 est,
2340 1254 2502 1295 eundem

256 1348 401 1374 morem
441 1340 612 1375 secutum
649 1347 738 1375 esse
769 1341 829 1384 et,
869 1341 909 1375 ut
946 1335 1203 1385 significaret,
1242 1348 1459 1388 supremum
1497 1336 1637 1376 adesse
1666 1337 1768 1376 vitae
1806 1348 1966 1385 aunum,
2003 1337 2101 1376 acite
2137 1334 2286 1376 clavum
2316 1334 2503 1388 Hele-gri

255 1415 369 1467 capiti
409 1416 663 1454 imminentem
702 1415 873 1454 linxisse.
942 1414 1027 1454 Alia
1065 1415 1165 1454 enim
1204 1427 1324 1468 saepe
1353 1415 1486 1455 eadem
1517 1417 1555 1455 in
1593 1428 1636 1456 re
1666 1415 1913 1469 exprimenda
1943 1416 2072 1469 poetis,
2102 1415 2176 1456 alia
2212 1416 2259 1455 iis
2289 1415 2501 1457 artificibus

256 1496 319 1548 qui
351 1507 474 1535 rerum
507 1495 719 1535 simulacris
750 1494 979 1547 effingendis
1010 1507 1167 1549 operam
1197 1495 1309 1547 dant,
1339 1497 1401 1536 via
1431 1496 1593 1537 ineunda
1624 1503 1697 1537 est.

472 1699 503 1744 ¹)
530 1697 622 1734 lnst.
646 1697 736 1735 rhet.
760 1698 783 1735 1.
809 1698 900 1735 vlu.
926 1711 957 1736 c.
981 1698 1015 1736 2.

536 1768 699 1803 Secundo
731 1769 835 1803 modo
866 1769 993 1805 dicitnr
1023 1769 1201 1816 proprium
1231 1771 1323 1806 inter
1346 1770 1457 1818 plura,
1482 1782 1560 1817 quae
1586 1777 1669 1806 sunt
1693 1771 1851 1816 ejusdem
1877 1773 2038 1819 nominis,
2061 1773 2098 1809 id
2127 1773 2222 1809 nude
2250 1778 2368 1809 cetera
2393 1773 2499 1809 dueta

533 1843 634 1872 nunt:
683 1844 721 1871 ut
748 1843 870 1873 vertex
911 1844 966 1873 eet
997 1845 1159 1874 contorta
1195 1840 1231 1874 in
1271 1851 1310 1875 ae
1345 1852 1452 1886 aqua,
1482 1841 1538 1875 vel
1565 1842 1732 1888 quicquid
1757 1841 1852 1876 aliud
1880 1842 1916 1876 in
1955 1853 1994 1877 se
2031 1842 2197 1886 vertitnr3
2235 1841 2319 1878 indo
2353 1848 2500 1890 propter

534 1906 659 1942 flexum
694 1906 896 1952 capillorum
926 1918 1006 1953 pars
1038 1913 1093 1943 est
1122 1919 1255 1945 summa
1285 1910 1426 1956 eapitis,
1456 1915 1492 1945 et
1516 1920 1559 1945 ex
1588 1910 1657 1946 hoe
1688 1910 1784 1957 qnod
1814 1916 1870 1946 ent
1898 1911 1935 1946 iu
1968 1910 2145 1947 montibu·
2175 1912 2497 1962 emine-tiniam.

531 1975 642 2011 Recte
667 1976 795 2011 dixeris
824 1976 901 2011 hec
933 1978 1048 2012 omnia
1078 1978 1247 2022 verticem
1271 1979 1412 2025 proprie
1437 1984 1563 2023 tamen,
1588 1979 1682 2015 uncle
1705 1979 1843 2015 initium
1868 1986 1934 2016 ent.

1218 2291 1266 2334 ’ξι
1302 2280 1641 2494 Μέέθῷ
