2748 3344
1132 877 1265 957 od.
1313 880 1392 958 L.
1440 878 1586 958 111.
1633 889 1741 958 24.

992 1045 1135 1078 Intactis
1159 1044 1358 1089 opulentior

1039 1113 1225 1148 Thesauri·
1251 1112 1401 1147 Arabum
1426 1119 1461 1148 et
1485 1113 1603 1148 divitis
1628 1112 1737 1147 Indiae

994 1180 1182 1216 Caementis
1207 1181 1289 1216 licet
1313 1192 1467 1227 occupes

1040 1250 1257 1295 Tyrrhenum
1274 1260 1378 1285 omne
1395 1250 1462 1285 tuis
1476 1256 1511 1285 et
1527 1260 1621 1285 mare
1638 1249 1838 1296 Apulicum,

993 1320 1030 1354 Si
1054 1320 1131 1365 figit
1154 1320 1393 1354 adamantinos

1039 1389 1188 1423 Summis
1213 1389 1403 1424 verticibus
1428 1390 1501 1424 dira
1525 1389 1727 1425 Necessitas

995 1457 1143 1504 Clavus,
1167 1469 1239 1493 non
1263 1458 1414 1493 animum
1440 1464 1533 1493 metu

1039 1526 1118 1562 Non
1143 1527 1264 1562 mortis
1287 1527 1420 1572 laqueis
1445 1528 1610 1572 expedies
1636 1533 1753 1573 caput.

499 1645 632 1686 Omnis
660 1645 770 1698 hujus
792 1644 868 1686 loci
889 1644 1093 1686 difficultas
1113 1645 1151 1684 in
1173 1656 1220 1685 eo
1251 1645 1323 1684 sita
1352 1650 1427 1694 est,
1459 1644 1562 1698 quod
1592 1646 1787 1686 summis
1817 1645 2095 1687 vertIcibus
2116 1645 2380 1688 adamantinos
2402 1647 2535 1688 clavos

291 1727 412 1779 ligere
450 1725 588 1767 dicitur
618 1726 698 1766 dira
717 1726 963 1777 Necessitas;
996 1727 1189 1780 quaeritur
1217 1727 1331 1776 enim,
1363 1727 1425 1778 qui
1456 1727 1531 1766 sint
1561 1727 1622 1766 isti
1644 1727 1778 1766 summi
1812 1727 1988 1767 vertices.
2050 1727 2218 1768 Fuerunt
2246 1729 2312 1780 qui
2341 1729 2537 1768 summis

288 1807 573 1848 verticibus
606 1807 732 1847 dativo
765 1818 856 1847 casu
887 1808 1127 1861 acciperent3
1166 1813 1272 1847 totos
1303 1806 1451 1846 scilicet
1481 1807 1620 1847 infixos
1651 1819 1741 1847 esse
1774 1807 1930 1857 clavos,
1969 1807 2016 1847 ad
2056 1808 2165 1861 ipsos
2195 1809 2360 1849 vertices
2390 1821 2536 1861 usque;

288 1889 413 1941 capita
435 1889 534 1928 enim
566 1887 761 1927 clavorum
782 1900 872 1927 esse
892 1889 1072 1928 vertices.
1134 1887 1210 1927 Alii
1238 1889 1276 1927 in
1307 1888 1401 1940 ipsis
1423 1886 1613 1927 hominum
1636 1887 1826 1940 capitibus
1848 1888 1948 1928 fixos
1979 1900 2069 1928 esse
2090 1887 2223 1928 clavos
2245 1888 2535 1939 contenderunt,

288 1969 356 2010 sed
387 1976 548 2022 utraque
581 1968 676 2009 haec
707 1970 968 2022 interpretatio
1000 1975 1076 2008 tam
1107 1969 1234 2021 inepta
1267 1974 1345 2018 est,
1376 1974 1416 2007 ut
1446 1972 1490 2007 iis
1522 1967 1742 2007 refellendis
1775 1970 1967 2008 immorari
1998 1980 2143 2021 operae
2173 1970 2336 2022 pretium
2366 1981 2444 2009 non
2474 1971 2536 2009 sit.

287 2050 362 2091 Alii
391 2051 505 2090 etiam
536 2062 703 2090 summas
723 2050 897 2091 fortunas
928 2049 989 2090 vel
1021 2050 1174 2102 fastigia
1205 2048 1472 2101 magnitudinis
1502 2049 1553 2089 ita
1584 2049 1791 2100 significari
1823 2049 2072 2099 affirmarunt,
2103 2049 2298 2102 quomodo
2329 2056 2455 2090 autem
2485 2050 2537 2090 ibi

287 2109 510 2170 Necessitas
547 2130 679 2169 clavos
716 2142 810 2169 suos
842 2131 962 2181 ligere
1000 2131 1186 2182 potuerit,
1225 2141 1301 2168 non
1333 2129 1556 2168 docuerunt.
1616 2128 1888 2169 Recentiorum
1927 2129 2115 2170 editorum
2146 2129 2322 2183 plerique
2352 2129 2535 2171 Orellium

288 2214 410 2251 secuti
442 2217 550 2259 sunt,
583 2212 647 2262 qui
677 2223 846 2250 summos
876 2213 1040 2250 vertices
1072 2210 1220 2250 aedium
1249 2210 1401 2261 fastigia
1432 2221 1521 2248 esse
1552 2209 1641 2248 dicit
1651 2222 1662 2258 3
1695 2209 1888 2249 hominem
1919 2211 2019 2250 enim
2058 2209 2163 2250 illum
2193 2210 2536 2264 opulentissimum,

289 2293 351 2343 qui
384 2293 594 2332 caementis
616 2304 729 2331 omne
750 2303 854 2331 mare
874 2291 1109 2342 Tyrrhenum
1140 2297 1179 2330 et
1198 2290 1397 2343 Apulicurn
1419 2296 1596 2342 occupet,
1628 2292 1922 2343 necopinantem
1944 2291 2107 2343 opprimi
2136 2302 2159 2330 a
2180 2290 2260 2331 dira
2280 2290 2537 2341 Necessitate,

289 2383 387 2425 quae
419 2373 456 2412 in
488 2371 651 2412 culmine
682 2371 831 2412 aedium
862 2371 995 2411 clavos
1026 2384 1119 2411 suos
1151 2371 1243 2423 figat
1273 2370 1425 2411 domino
1456 2370 1573 2410 veluti
1602 2370 1840 2410 acclamans:
1876 2371 1960 2411 Huc
1989 2384 2132 2423 usque,
2163 2383 2237 2411 nec
2269 2372 2389 2424 ultra3
2427 2372 2538 2412 adest

283 2454 362 2504 jam
394 2451 463 2494 tibi
494 2454 676 2494 terminus
707 2452 847 2494 fatalis.
909 2452 1016 2493 Hanc
1047 2453 1249 2504 imaginem
1279 2458 1320 2493 ut
1348 2458 1488 2505 poetae
1518 2452 1665 2501 animo,
1708 2465 1821 2503 quum
1854 2451 1931 2492 hoc
1962 2465 2115 2492 carmen
2146 2452 2356 2502 scriberet,
2387 2453 2536 2493 obver-

288 2538 409 2573 satam
441 2544 531 2573 esse
563 2532 734 2584 credam,
773 2545 904 2573 verum
934 2538 974 2573 ut
1004 2532 1148 2584 fatear,
1187 2543 1209 2572 a
1240 2544 1300 2572 me
1337 2533 1539 2586 impetrare
1570 2544 1646 2572 non
1677 2544 1849 2585 possum.
1919 2532 2084 2573 Primum
2114 2533 2214 2573 enirn
2250 2532 2392 2574 nullam
2420 2533 2536 2575 rideo

288 2624 456 2661 causam,
488 2625 556 2653 cur
575 2604 815 2683 stafflum
835 2615 897 2664 sit,
917 2613 1195 2653 Necessitatem
1216 2614 1252 2652 in
1274 2612 1435 2652 culmine
1456 2611 1604 2652 aedium
1627 2612 1759 2652 clavos
1791 2612 1938 2662 fixisse,
1970 2611 2074 2666 quod
2096 2625 2173 2666 quo
2196 2613 2360 2654 consilio
2381 2613 2535 2665 fecerit,

287 2692 463 2743 profecto
481 2705 558 2732 non
589 2701 763 2746 apparet.
807 2694 905 2732 Num
937 2687 1103 2732 fortasse
1133 2693 1221 2732 ideo
1253 2693 1394 2732 fecisse
1426 2692 1590 2744 putanda
1621 2699 1694 2740 est,
1727 2699 1831 2731 utne
1862 2699 2046 2744 pergeret
2068 2692 2133 2732 ille
2163 2693 2385 2744 aedificare,
2415 2705 2466 2734 an
2496 2700 2540 2734 ut

288 2778 447 2813 mortem
468 2772 540 2813 sibi
558 2775 639 2824 jam
670 2775 813 2814 instare
843 2773 1033 2814 sentiret?
1063 2776 1113 2814 At
1133 2775 1272 2813 nemini
1303 2780 1407 2812 certe
1437 2775 1475 2812 in
1506 2779 1669 2812 mentem
1701 2776 1829 2812 veniet
1860 2773 2081 2823 affiirmare,
2112 2773 2247 2814 clavos
2277 2775 2330 2814 ibi
2360 2775 2460 2814 fixos
2491 2775 2540 2814 ab

287 2864 335 2892 eo
369 2853 542 2906 conspici
573 2854 769 2907 potuisse,
812 2860 875 2895 aut
905 2855 1060 2895 omnino
1100 2860 1257 2908 putasse
1293 2860 1466 2903 veteres,
1506 2859 1666 2894 mortem
1706 2854 1911 2894 instantem
1950 2855 2002 2894 ita
2036 2867 2202 2909 unquam
2239 2857 2543 2910 praenuntiatam

266 2927 377 2974 'esse
407 2933 635 2975 hominibus.
726 2935 888 2976 Accedit
919 2935 1021 2989 quod
1053 2935 1116 2976 hic
1145 2949 1193 2976 ne
1214 2935 1262 2976 de
1291 2935 1472 2988 perfectis
1501 2934 1653 2987 quidem
1684 2935 1830 2976 aedibus
1860 2937 2000 2987 agitur,
2033 2948 2192 2989 quarum
2223 2938 2261 2976 in
2282 2936 2448 2977 culmine
2478 2937 2546 2988 figi

288 3015 481 3066 potuerint
512 3014 633 3066 clavi,
666 3015 736 3057 sed
767 3015 815 3057 de
845 3016 1054 3068 aggeribus
1084 3023 1227 3057 tantum
1257 3023 1296 3057 et
1326 3016 1513 3067 molibus,
1546 3016 1682 3069 quibus
1722 3016 1913 3056 struendis
1946 3023 2130 3064 omenta
2159 3018 2199 3058 in
2229 3029 2335 3058 mare
2364 3018 2548 3059 demitte-

2214 3097 2268 3140 κ·
