2748 3344
1356 79 1424 127 lo

269 211 415 258 0⁸⁸&-
443 212 590 267 pupulo
620 214 743 266 aazia
772 214 974 268 magisque
1002 215 1290 269 persuaderent,
1320 216 1357 255 in
1387 215 1487 256 illius
1517 216 1730 270 principatu
1758 215 1905 255 unicam
1928 214 2102 268 publicae
2132 214 2265 256 salutis
2295 227 2403 269 spem
2433 226 2503 255 re··-

269 292 490 346 'On-k·
517 305 620 334 eese.
659 293 802 334 florum
821 295 989 335 virorum
1017 296 1056 336 in
1076 308 1234 335 numero
1255 294 1316 335 vel
1346 297 1557 349 principem
1588 295 1713 348 locum
1734 294 1945 335 obtinuisse
1968 281 2013 335 'et
2033 295 2081 334 de
2112 295 2291 335 industria
2312 295 2347 335 id
2372 298 2503 347 egisse

269 371 481 423 mun,
510 379 553 414 ut
581 372 757 424 consilia,
786 386 887 430 quae
907 384 992 415 cum
1011 373 1233 416 Haecenate
1254 377 1450 427 Augustus
1479 377 1516 415 in
1537 375 1828 416 administranda
1849 375 2042 428 republica
2072 375 2316 428 sequebatur,
2347 388 2418 428 pro
2439 378 2504 414 vi-

269 452 375 494 ribus
404 452 623 505 adiuvaret,
653 455 843 495 neminem
874 454 1056 508 profecto¹
1081 456 1145 508 qui
1175 456 1318 508 scripta
1348 458 1434 507 eius
1465 463 1610 496 attento
1640 457 1766 495 animo
1797 455 2026 509 perlegerit,
2050 455 2191 506 *fugere
2220 461 2361 508 potest.
2387 476 2390 479 -
2429 431 2443 438 ἢ

476 532 533 574 lta
562 545 678 587 quum
707 535 818 587 quasi
847 546 989 576 novum
1018 535 1208 589 quoddam
1241 534 1453 577 litterarum
1482 536 1683 576 latinarum
1714 548 1852 587 genus,
1883 535 1984 588 quod
2016 537 2124 575 unius
2154 536 2313 588 imperio
2344 536 2504 584 faveret,

268 611 383 655 condi
406 614 487 666 jam
509 618 674 668 coptum
704 620 826 667 esset,
855 615 881 656 ii
911 616 976 669 qui
1004 615 1189 656 adversae
1220 614 1398 657 factionis
1414 622 1536 667 erant,
1567 621 1606 657 et
1636 628 1712 670 quo
1741 614 1838 657 haec
1860 618 1984 657 omnia
2014 615 2225 667 tenderent,
2256 615 2377 669 probe
2406 627 2502 669 per-

265 700 488 748 spexerant,
518 705 569 736 eo
597 696 745 748 majore
775 695 926 748 studio,
948 696 1050 751 qnod
1080 703 1210 751 aperta
1242 698 1279 738 vi
1309 704 1441 739 contra
1471 699 1538 739 niti
1567 709 1643 738 non
1673 703 1863 752 poterant,
1892 704 2044 739 veteres
2074 710 2197 739 rerum
2227 698 2435 752 scriptores
2465 703 2504 737 et

265 782 418 830 poetas,
447 776 725 818 recentioribus
755 778 933 819 consulto
953 778 1153 832 neglectis,
1184 778 1349 833 amplexi
1379 786 1480 831 sunt,
1509 779 1639 834 populi
1667 780 1704 820 in
1735 791 1781 820 ea
1811 792 1853 820 re
1883 779 2017 820 favore
2046 786 2085 820 et
2114 791 2275 820 assensu
2294 778 2504 827 sublevati;

265 858 300 897 is
330 858 445 908 enim,
473 864 514 898 ut
543 859 629 913 ipse
658 859 836 900 Horatius
866 859 957 900 dicit
985 860 1059 914 Ep.
1090 860 1137 900 11.
1171 858 1210 913 1,
1240 856 1298 900 23
1327 862 1497 901 recentia
1527 860 1742 901 fastidiebat
1770 867 1810 901 et
1840 859 1998 902 oderat:

828 942 895 982 Sic
923 941 1051 981 fautor
1079 948 1272 992 veterum,
1302 949 1344 982 ut
1373 943 1523 983 tabulas
1553 954 1716 996 peccare
1746 948 1944 992 vetantes,

826 1021 931 1073 Quas
962 1023 1021 1063 bis
1052 1024 1218 1077 quinque
1249 1025 1319 1064 viri
1349 1030 1575 1074 sanxerunt,
1606 1023 1750 1064 foedera
1781 1035 1914 1075 regum

825 1104 899 1145 Vel
930 1104 1059 1146 Gabiis
1088 1105 1150 1145 vel
1182 1117 1266 1144 cum
1297 1105 1430 1157 rigidis
1459 1111 1622 1158 aequata
1651 1104 1827 1154 Sabinis,

831 1184 1056 1227 Pontificum
1086 1185 1220 1236 libros,
1253 1198 1399 1227 annosa
1429 1185 1618 1226 volumina
1647 1192 1774 1226 vatum

824 1266 983 1309 Dictitct
1011 1268 1161 1309 Albano
1192 1267 1322 1309 Musas
1352 1270 1390 1309 in
1420 1274 1549 1309 monte
1578 1267 1743 1308 locutas.

473 1348 567 1390 Erat
596 1360 691 1390 sane
720 1348 824 1404 quod
863 1348 979 1391 bilem
1008 1349 1166 1391 Horatio
1204 1356 1400 1401 moveret,
1439 1362 1551 1403 quum
1587 1361 1664 1390 non
1694 1348 1817 1390 solum
1855 1349 2067 1403 imperitam
2099 1348 2391 1400 multitudinem,
2431 1348 2500 1389 sed

266 1430 438 1472 cruditos
467 1432 579 1471 etiam
610 1430 799 1482 homiues,
829 1437 982 1472 veteres
1012 1431 1100 1473 illos
1131 1438 1281 1486 poetas,
1311 1445 1520 1485 eorumque
1550 1432 1710 1472 maxime
1741 1432 1914 1473 comicos
1937 1430 2108 1470 ediscere
2139 1437 2177 1470 et
2207 1437 2315 1471 arcto
2337 1431 2502 1483 stipatos

268 1510 419 1554 theatro
450 1518 627 1566 spectare
665 1512 882 1566 videret‚¹)
914 1526 1075 1567 quorum
1107 1525 1225 1567 opera
1256 1525 1342 1555 cum
1372 1515 1627 1554 recentiorum
1668 1520 1866 1566 poetarum
1896 1514 2047 1565 scriptis
2079 1519 2297 1565 conparata
2328 1512 2431 1552 rudia
2461 1519 2501 1551 et

264 1592 406 1635 inculta
435 1605 525 1634 esse
554 1593 724 1647 putabat.
794 1593 877 1635 Hac
905 1596 961 1635 ira
986 1597 1092 1647 justo
1124 1594 1277 1646 longius
1308 1606 1394 1636 eun
1425 1596 1460 1634 in
1493 1594 1708 1647 premendis
1739 1593 1930 1633 veteribus
1963 1596 2087 1646 poetis
2118 1593 2239 1646 abripi
2270 1604 2313 1631 se
2343 1604 2501 1645 passum

264 1686 355 1716 eane
384 1674 446 1715 vel
476 1676 587 1716 nnius
622 1674 748 1716 Plauti
788 1675 968 1729 exemplo
1008 1677 1100 1716 satis
1130 1675 1385 1716 demonstrari
1416 1682 1566 1729 potest,
1605 1677 1713 1727 cujus
1748 1686 1930 1715 numeros
1969 1681 2007 1714 et
2045 1674 2149 1713 sales
2185 1676 2221 1713 in
2259 1673 2421 1726 epistola
2453 1673 2499 1711 ad

265 1754 463 1808 raonem)
483 1767 506 1796 a
526 1755 729 1820 Romanis,
759 1757 873 1798 nimis
894 1757 1080 1811 patienter
1101 1769 1173 1797 eos
1195 1756 1480 1807 admirantibus,
1502 1756 1590 1797 dun
1610 1757 1798 1797 immerito
1815 1743 1990 1795 laudatos
2010 1767 2098 1794 esse
2119 1754 2222 1803 dicit,
2238 1753 2502 1794 adversarium

264 1835 384 1879 habet
412 1838 708 1889 gravissimum,
739 1839 849 1890 cujus
879 1839 1092 1878 auctoritati
1123 1840 1227 1878 cert'e
1257 1838 1343 1891 plus
1373 1837 1612 1878 tribuendum
1642 1844 1723 1888 est,
1755 1836 2004 1886 Ciceronem,
2042 1835 2140 1889 apud
2178 1847 2292 1888 quem
2323 1834 2348 1874 l.
2384 1832 2419 1874 l.
2453 1834 2501 1873 dc

264 1917 340 1960 off.
361 1915 538 1961 29-10
567 1919 665 1961 baec
694 1918 879 1972 legimns:
917 1918 1096 1973 „Duplex
1117 1921 1273 1960 omnino
1303 1927 1363 1960 est
1387 1919 1544 1972 jocandi
1566 1932 1705 1972 genua,
1734 1931 1847 1959 unum
1880 1917 2078 1967 illiberale,
2109 1916 2297 1971 petulans,
2327 1916 2500 1968 flagitio-

263 2013 364 2051 sum,
395 2000 623 2052 obscenum,
653 1999 814 2042 alterum
844 1999 1025 2054 elegans,
1055 2001 1253 2052 urbanum,
1284 2002 1545 2053 ingeniosum,
1585 2001 1774 2051 facetum,
1810 2012 1886 2053 quo
1917 2012 2062 2052 genere
2091 2011 2167 2039 non
2198 1997 2314 2038 modo
2343 1997 2498 2038 Plautus

263 2088 398 2124 noster
425 2076 472 2123 et
494 2082 710 2138 Atticorum
746 2084 900 2136 antiqua
930 2083 1151 2134 comoedia,
1182 2082 1250 2123 sed
1282 2084 1396 2124 etiam
1427 2084 1712 2124 Socraticorum
1742 2081 2058 2136 philosophorum
2092 2080 2176 2121 libri
2207 2078 2337 2120 referti
2367 2080 2497 2119 sunt.“

262 2161 359 2205 Hinc
374 2164 468 2205 satis
497 2169 674 2218 apparet,
705 2175 804 2218 quae
834 2164 959 2206 cautio
989 2163 1202 2206 adhibenda
1232 2165 1294 2216 sit,
1323 2176 1371 2205 ne
1388 2166 1514 2206 statim
1544 2163 1689 2206 Horatii
1720 2164 1833 2205 etiam
1864 2163 1911 2205 de
1942 2163 2112 2205 numeris
2145 2161 2326 2203 Plautinis
2352 2158 2498 2212 judicio

474 2324 506 2368 ¹)
531 2324 644 2368 Epist.
669 2324 712 2359 11.
738 2322 771 2359 l.
794 2322 853 2359 60.

822 2394 893 2428 Hos
920 2395 1043 2428 ediscit
1074 2400 1109 2429 et
1133 2395 1197 2429 bos
1222 2401 1298 2429 arto
1323 2395 1451 2440 stipata
1477 2395 1613 2429 theatro

821 2462 966 2510 Spectat
991 2463 1099 2499 Roma
1122 2470 1266 2511 potens,
1291 2463 1396 2500 habet
1420 2463 1485 2499 bos
1510 2469 1739 2510 numeratque
1765 2467 1888 2509 poetas

821 2533 876 2567 Ad
901 2538 1057 2567 nostrum
1084 2533 1158 2567 Livi
1183 2534 1363 2579 scriptoris
1388 2533 1432 2568 ab
1458 2545 1547 2568 evo.

467 2636 502 2680 ⁸)
527 2646 561 2671 v.
585 2635 668 2672 270.

818 2707 866 2741 At
890 2708 999 2741 vestri
1022 2708 1146 2754 proavi
1170 2706 1348 2741 Plautinos
1374 2713 1410 2741 et
1435 2717 1598 2742 numeros
1629 2712 1666 2741 et

816 2777 1018 2813 Laudavere
1042 2778 1146 2824 sales,
1171 2778 1312 2812 nimium
1335 2778 1509 2824 patienter
1539 2783 1726 2823 utrumque

815 2846 869 2883 Ne
898 2847 1010 2884 dicam
1033 2846 1157 2894 stulte,
1181 2847 1305 2895 mirati,
1330 2847 1360 2883 si
1382 2846 1486 2883 modo
1511 2857 1579 2894 ego
1603 2851 1639 2882 et
1662 2857 1728 2883 vos

816 2918 952 2954 Scina·
975 2918 1185 2953 inurbanum
1208 2917 1327 2964 lepido
1343 2928 1517 2963 seponere
1534 2918 1641 2963 dicto,
1697 2965 1700 2967 ι

815 2986 1092 3036 ιοςίιὶωωῳιο
1115 2998 1240 3025 sonum
1264 2986 1382 3034 digitis
1407 2986 1570 3024 callemus
1595 2992 1630 3024 et
1654 2998 1750 3025 aure.
