2748 3344
1311 149 1350 199 11
1417 201 1420 205 .

197 286 403 341 bantar,¹)
441 294 484 329 ut
520 286 764 329 fundamenta
813 287 949 327 suturis
979 286 1125 327 aedibus
1158 289 1395 339 jacerentur.
1471 287 1544 327 Est
1581 287 1681 327 enim
1718 285 1837 326 multo
1877 285 2019 326 clarius
2056 283 2234 326 indicium
2268 285 2382 326 animi
2418 286 2457 326 in

199 379 353 409 omnem
373 366 586 408 edificandi
616 365 744 406 laxum
776 367 903 415 effusi,
936 366 1038 418 quod
1070 366 1202 407 inesse
1223 366 1313 406 mihi
1333 366 1485 407 videtur
1503 367 1542 406 in
1562 365 1706 417 verbis,
1738 366 2011 406 caementis
2042 376 2290 418 occupare
2321 377 2458 406 omne

114 485 117 487 .
197 446 497 498 Tyrrhenam
528 453 575 487 et
605 446 859 499 Apulicnm
892 458 1043 496 mare,
1082 446 1183 486 unde
1213 446 1461 498 intelligimus
1491 458 1579 486 eum
1609 446 1782 499 pluribus
1811 446 1859 486 ad
1889 458 1995 486 mare
2015 457 2195 499 superum
2224 451 2264 485 et
2292 445 2457 486 inferum
2488 459 2498 463 ·

195 525 298 568 loeis
328 525 441 567 simul
471 528 654 567 intentum
693 526 815 566 ruisse
854 522 999 566 insanis
1030 525 1381 567 substructionibus
1411 525 1637 576 moliendis,
1672 532 1713 565 ut
1742 526 1854 566 villas
1884 526 1936 566 ibi
1967 526 2174 576 conderet,
2206 537 2303 578 quas
2332 531 2456 566 utrum

198 605 497 647 emdilicaverit
527 617 684 655 omnes,
727 617 796 655 an,
837 605 941 658 quod
972 605 1217 646 verisimilius
1248 612 1329 656 est,
1360 606 1531 646 moriens
1561 604 1761 646 inchoatas
1791 618 1842 646 ex
1871 612 1982 660 parte
2012 604 2227 659 reliquerit,
2267 617 2456 659 quaerere

196 687 290 727 nibil
319 691 468 736 attinet,
499 686 547 726 ad
578 686 654 726 loci
686 688 787 726 enim
819 687 1046 726 sententiam
1078 687 1219 726 rectius
1250 685 1536 740 percipiendam
1556 697 1718 739 prorsus
1748 685 1842 726 nibil
1871 687 2053 726 momenti
2083 685 2213 728 babet.
2274 684 2455 727 Ceterum

195 767 328 808 faeere
358 779 435 806 non
467 778 627 820 possum
659 769 749 820 quin
792 769 930 817 mirer,
969 766 1174 817 Orellium‚
1206 769 1349 820 qnippe
1387 768 1452 820 qui
1489 768 1656 807 vertices
1686 765 1822 807 odium
1854 766 2016 807 culmina
2045 779 2137 807 esse
2168 766 2290 817 dicat,
2328 772 2455 807 tamen

195 848 389 900 adjicere,
428 853 548 887 totam
578 848 783 899 imaginem
814 848 975 899 egregie
1004 847 1190 887 illustrari>
1215 847 1377 901 speculo
1407 844 1578 888 Oddiano
1608 846 1709 901 apud
1740 834 2046 900 Vermigliolium
2076 847 2230 898 (lscriz.
2261 846 2455 899 Perugine

196 928 241 970 Τ.
275 927 299 970 l
331 941 370 982 p.
401 925 460 969 43
490 927 564 969 Ed.
595 927 675 982 pr.)
706 929 771 969 ubi
802 930 988 982 Atropos,
1017 928 1183 969 Etrusce
1212 927 1385 982 Atbrpa,
1423 940 1563 969 severo
1593 928 1698 969 vultu
1728 929 1766 969 in
1796 940 1846 969 eo
1876 930 1940 979 sit,
1969 935 2012 970 nt
2040 928 2179 970 malleo
2210 928 2360 970 clavum
2388 929 2454 969 in·—

195 1009 290 1062 ligat
319 1010 454 1063 parieti
484 1021 600 1063 supra
632 1015 747 1063 caput
775 1008 980 1061 Meleagri,
1016 1010 1174 1062 jamjam
1206 1009 1318 1050 morti
1341 1008 1541 1060 destinati,
1572 1020 1618 1049 ac
1648 1020 1833 1050 summam
1853 1010 2066 1050 maestitiam
2088 1021 2180 1063 prae
2212 1022 2256 1049 se
2277 1008 2450 1050 ferentis.

193 1089 292 1132 Hinc
327 1091 429 1131 enim
469 1091 540 1131 rite
578 1089 710 1142 colligi
750 1102 892 1144 posse,
932 1078 1052 1130 simile
1084 1089 1239 1143 aliquod
1271 1091 1362 1131 artis
1394 1102 1516 1144 opus,
1553 1090 1616 1130 vel
1647 1092 1759 1131 etiam
1798 1090 1923 1132 locum
1955 1096 2080 1144 poetae
2111 1092 2251 1141 graeci,
2290 1090 2450 1130 eandem

192 1172 397 1224 imaginem
434 1171 665 1225 praebentem
699 1171 844 1211 Horatii
883 1173 1010 1210 animo
1049 1171 1292 1211 obversatam
1332 1183 1436 1212 esse.
1508 1171 1604 1211 lllud
1644 1177 1770 1211 tamen
1808 1171 2046 1225 probabilius
2084 1172 2224 1216 videri3
2263 1182 2348 1211 nam
2387 1171 2450 1210 vel

193 1252 393 1306 speculum
430 1251 522 1293 illud
553 1251 749 1292 horribilis
789 1252 931 1304 aliquid
963 1252 1105 1291 babere
1144 1252 1399 1291 sublimitatis.
1486 1252 1571 1292 Hoc
1601 1253 1634 1291 si
1673 1254 1724 1291 ita
1756 1265 1800 1291 se
1830 1252 1976 1292 habere
2007 1252 2211 1302 credimus,
2236 1254 2315 1304 jam
2348 1258 2453 1291 certe

191 1346 270 1375 non
290 1340 466 1387 apparet,
498 1333 695 1386 quomodo
727 1337 841 1373 etiam
875 1334 923 1373 de
954 1333 1119 1384 fastigi-is
1150 1333 1298 1372 aedium
1331 1335 1504 1384 cogitare
1535 1334 1748 1385 possimus3
1781 1346 1866 1373 nam
1898 1335 1990 1373 artis
2021 1333 2110 1373 illud
2134 1335 2305 1374 Etruscae
2337 1346 2450 1386 opus,

191 1414 265 1454 nisi
296 1413 412 1463 rorte,
444 1420 484 1454 ut
515 1413 676 1466 plurima
707 1415 742 1453 in
776 1413 853 1453 hoc
875 1426 1042 1463 genere,
1075 1413 1315 1452 subditicium
1347 1420 1420 1461 est,
1451 1419 1491 1452 et
1523 1413 1801 1453 recentioribus
1832 1413 1981 1453 demum
2013 1414 2251 1467 temporibus
2282 1414 2449 1453 effictum

190 1507 240 1534 cx
271 1495 359 1548 ipso
382 1494 527 1535 Horatii
549 1494 638 1535 loco
671 1493 769 1534 male
791 1493 1003 1543 intellecto,
1035 1496 1085 1534 ita
1115 1496 1244 1547 potius
1265 1501 1527 1548 comparatum
1549 1501 1622 1544 est,
1653 1501 1694 1534 ut
1724 1506 1856 1534 eorum
1877 1496 2090 1534 sententiae
2111 1495 2242 1534 favere
2263 1494 2450 1544 videatur,

191 1576 255 1628 qui
285 1576 454 1616 vertices
485 1577 570 1628 ipsa
609 1575 801 1615 bominum
843 1577 969 1628 capita
1000 1588 1089 1615 esse
1122 1575 1370 1625 contendunt;
1409 1576 1446 1614 in
1485 1587 1562 1628 quo
1600 1586 1826 1628 quamquam
1865 1575 2041 1615 audiendi
2071 1587 2147 1615 non
2180 1581 2289 1625 sunt,
2327 1576 2450 1615 minus

138 1685 149 1693 .
188 1663 318 1697 tamen
357 1656 476 1709 longe
507 1668 621 1710 quam
653 1656 845 1706 0rellius,
885 1663 924 1696 et
955 1659 1017 1710 qui
1049 1670 1134 1697 eum
1165 1659 1286 1696 secuti
1318 1663 1429 1706 sunt,
1468 1668 1490 1695 a
1521 1668 1616 1696 vero
1655 1656 1743 1696 mibi
1774 1655 1958 1696 aberasse
1993 1657 2180 1697 videntur.
2248 1657 2319 1697 Est
2349 1660 2449 1697 enim

187 1738 262 1779 alia
293 1738 413 1779 multo
444 1739 658 1792 simplicior
687 1738 801 1790 liujus
834 1738 910 1778 loci
941 1739 1155 1791 explicandi
1187 1740 1284 1778 ratio
1316 1738 1413 1788 hoec,
1444 1744 1485 1778 ut
1514 1744 1724 1778 statuamus
1754 1738 1949 1778 Horatium
1980 1744 2069 1778 ante
2100 1738 2236 1778 oculos
2267 1738 2449 1779 babuisse

187 1821 384 1873 antiquum
414 1819 520 1861 illum
551 1832 697 1861 morem
729 1819 829 1860 clavi
861 1819 1024 1871 ligendi,
1055 1821 1165 1871 cujus
1197 1821 1427 1861 mentionem
1458 1818 1550 1860 iacit
1580 1817 1708 1860 Livius
1740 1818 1766 1860 1.
1797 1818 1883 1860 Vll.
1915 1831 1949 1860 c.
1980 1815 2010 1861 3
2039 1819 2103 1860 ubi
2134 1819 2216 1860 bec
2245 1819 2445 1871 leguntur:

185 1899 268 1942 Lex
297 1906 450 1942 vetusta
480 1906 556 1951 est,
585 1901 725 1953 priscis
757 1899 892 1941 litteris
925 1899 1129 1953 verbisque
1160 1901 1318 1953 scripta,
1349 1906 1390 1940 ut
1420 1900 1484 1952 qui
1515 1905 1658 1953 proetor
1687 1900 1873 1953 maximus
1902 1900 1966 1951 sit,
2002 1899 2132 1941 idibus
2153 1899 2446 1954 Septembribus

183 1980 334 2022 clavum
364 1987 524 2035 pangat.
552 1981 672 2022 Fixus
702 1980 772 2021 fuit
802 1980 939 2021 dextro
970 1980 1077 2021 lateri
1107 1980 1200 2021 tedis
1229 1980 1341 2021 Jovis
1368 1980 1512 2033 Optimi
1541 1953 1708 2031 maximi,
1739 1993 1789 2020 ex
1807 1992 1884 2034 qua
1912 1987 2022 2034 parte
2050 1979 2233 2021 Minervae
2263 1980 2444 2035 templum

183 2068 258 2105 cst.
297 2062 395 2104 Eum
428 2062 601 2110 clavum,
633 2063 721 2115 quia
752 2074 847 2102 rare
878 2074 948 2115 per
978 2074 1024 2101 ea
1054 2068 1227 2115 tempora
1258 2061 1394 2102 littere
1424 2067 1546 2112 erant,
1577 2068 1706 2101 notam
1737 2062 1883 2102 numeri
1912 2073 2097 2102 annorum
2128 2062 2277 2113 ferunt,
2316 2075 2444 2117 eoque

181 2142 366 2184 Hinervo
395 2143 541 2197 templo
578 2143 742 2183 dicatam
783 2143 931 2193 legem,
971 2144 1058 2195 quia
1097 2155 1276 2182 numerus
1306 2142 1487 2182 Minervae
1518 2143 1710 2182 inventum
1749 2144 1812 2183 sit.
1885 2143 2071 2183 Volsiniis
2109 2155 2264 2197 quoque
2295 2144 2444 2194 clavos,

181 2223 330 2271 indices
359 2226 507 2266 numeri
537 2237 746 2273 annorum,
779 2225 880 2265 lixos
910 2226 948 2264 in
979 2224 1122 2278 templo
1153 2224 1333 2273 Nortiae,
1365 2224 1553 2264 Etruscae
1584 2223 1681 2264 deae
1711 2236 1961 2278 comparere,
1992 2224 2158 2277 diligens
2188 2226 2317 2266 talium
2350 2238 2443 2266 mo-

180 2311 449 2352 numentorum
487 2311 626 2352 auctor
655 2304 811 2347 Cincius
850 2305 1025 2347 affirmat.
1094 2305 1153 2347 Ad
1193 2306 1294 2347 hunc
1326 2312 1514 2347 vetustum
1546 2318 1690 2346 morem
1722 2306 1754 2346 si
1786 2312 1825 2347 et
1855 2312 2026 2347 nostrum
2064 2305 2190 2348 locum
2228 2306 2442 2359 referimus,

183 2394 224 2428 et
252 2386 354 2442 apud
394 2387 566 2438 inferos,
607 2387 672 2428 ubi
702 2388 815 2427 etiam
852 2398 946 2427 urna
984 2387 1071 2438 illa,
1110 2388 1146 2427 in
1186 2399 1260 2440 qua
1299 2389 1448 2427 inerant
1488 2388 1654 2426 omnium
1696 2387 1891 2427 hominum
1921 2393 2072 2438 sortes,
2103 2399 2194 2427 esse
2225 2387 2442 2441 putabatur,

178 2468 461 2508 Necessitatem
481 2470 534 2509 ita
565 2474 606 2508 ut
626 2467 784 2521 paribus
804 2467 1013 2507 intervallis
1043 2467 1241 2517 distarent,
1274 2474 1313 2507 et
1332 2467 1479 2507 directo
1511 2468 1646 2507 ordine
1675 2467 1862 2519 gradatim
1884 2468 2151 2518 ascenderent,
2181 2468 2228 2508 ad
2250 2468 2442 2508 notandos

178 2550 282 2607 vitae
310 2561 435 2590 annos
467 2549 516 2589 ab
547 2560 597 2589 eo
627 2548 717 2589 inde
748 2548 831 2599 die,
871 2561 949 2602 quo
979 2555 1091 2589 natus
1127 2555 1208 2589 erat
1247 2549 1363 2589 bomo
1401 2548 1464 2588 ille
1496 2549 1720 2602 praedives,
1761 2550 1892 2589 fixisse
1933 2549 2067 2590 clavos
2103 2562 2198 2590 suos
2227 2550 2441 2600 statuimus,

393 2696 426 2744 ι)
451 2696 496 2733 er.
523 2694 589 2733 οι.
614 2696 674 2733 ιιι.
700 2695 734 2745 1,
758 2695 805 2733 33
829 2716 893 2734 -.

889 2766 1077 2801 Contracta
1101 2766 1219 2813 pisces
1245 2777 1387 2814 equora
1412 2768 1569 2801 sentiunt

883 2836 992 2871 Jactis
1015 2838 1052 2870 in
1076 2837 1183 2871 altum
1208 2837 1375 2878 molibus3
1400 2837 1470 2871 bne
1494 2838 1668 2882 trequen-

886 2903 1064 2942 Goementa
1088 2905 1238 2941 demittit
1262 2906 1439 2941 redemtor

885 2986 964 3010 cum
989 2974 1125 3010 tumuti-
1150 2975 1386 3021 dominnsquo
1412 2981 1530 3011 terrae

884 3044 1116 3082 Fastidio-u.
